%YAML 1.1
%TAG !u! tag:unity3d.com,2011:
--- !u!1 &100448
GameObject:
  m_ObjectHideFlags: 1
  m_PrefabParentObject: {fileID: 0}
  m_PrefabInternal: {fileID: 100100000}
  serializedVersion: 4
  m_Component:
  - 4: {fileID: 404574}
  m_Layer: 0
  m_Name: Bip001 Spine1
  m_TagString: Untagged
  m_Icon: {fileID: 0}
  m_NavMeshLayer: 0
  m_StaticEditorFlags: 0
  m_IsActive: 1
--- !u!1 &100496
GameObject:
  m_ObjectHideFlags: 1
  m_PrefabParentObject: {fileID: 0}
  m_PrefabInternal: {fileID: 100100000}
  serializedVersion: 4
  m_Component:
  - 4: {fileID: 404352}
  m_Layer: 0
  m_Name: MoleHeadTip
  m_TagString: Untagged
  m_Icon: {fileID: 0}
  m_NavMeshLayer: 0
  m_StaticEditorFlags: 0
  m_IsActive: 1
--- !u!1 &100564
GameObject:
  m_ObjectHideFlags: 1
  m_PrefabParentObject: {fileID: 0}
  m_PrefabInternal: {fileID: 100100000}
  serializedVersion: 4
  m_Component:
  - 4: {fileID: 487094}
  - 137: {fileID: 13771160}
  m_Layer: 0
  m_Name: Mole
  m_TagString: Untagged
  m_Icon: {fileID: 0}
  m_NavMeshLayer: 0
  m_StaticEditorFlags: 0
  m_IsActive: 1
--- !u!1 &102872
GameObject:
  m_ObjectHideFlags: 1
  m_PrefabParentObject: {fileID: 0}
  m_PrefabInternal: {fileID: 100100000}
  serializedVersion: 4
  m_Component:
  - 4: {fileID: 443642}
  m_Layer: 0
  m_Name: MoleEar.R1
  m_TagString: Untagged
  m_Icon: {fileID: 0}
  m_NavMeshLayer: 0
  m_StaticEditorFlags: 0
  m_IsActive: 1
--- !u!1 &103040
GameObject:
  m_ObjectHideFlags: 1
  m_PrefabParentObject: {fileID: 0}
  m_PrefabInternal: {fileID: 100100000}
  serializedVersion: 4
  m_Component:
  - 4: {fileID: 474882}
  m_Layer: 0
  m_Name: MoleRoot
  m_TagString: Untagged
  m_Icon: {fileID: 0}
  m_NavMeshLayer: 0
  m_StaticEditorFlags: 0
  m_IsActive: 1
--- !u!1 &105314
GameObject:
  m_ObjectHideFlags: 1
  m_PrefabParentObject: {fileID: 0}
  m_PrefabInternal: {fileID: 100100000}
  serializedVersion: 4
  m_Component:
  - 4: {fileID: 486216}
  m_Layer: 0
  m_Name: MoleEar.L
  m_TagString: Untagged
  m_Icon: {fileID: 0}
  m_NavMeshLayer: 0
  m_StaticEditorFlags: 0
  m_IsActive: 1
--- !u!1 &106150
GameObject:
  m_ObjectHideFlags: 1
  m_PrefabParentObject: {fileID: 0}
  m_PrefabInternal: {fileID: 100100000}
  serializedVersion: 4
  m_Component:
  - 4: {fileID: 454524}
  m_Layer: 0
  m_Name: MoleHeadTip
  m_TagString: Untagged
  m_Icon: {fileID: 0}
  m_NavMeshLayer: 0
  m_StaticEditorFlags: 0
  m_IsActive: 1
--- !u!1 &106360
GameObject:
  m_ObjectHideFlags: 1
  m_PrefabParentObject: {fileID: 0}
  m_PrefabInternal: {fileID: 100100000}
  serializedVersion: 4
  m_Component:
  - 4: {fileID: 487678}
  m_Layer: 0
  m_Name: MoleEar.R1
  m_TagString: Untagged
  m_Icon: {fileID: 0}
  m_NavMeshLayer: 0
  m_StaticEditorFlags: 0
  m_IsActive: 1
--- !u!1 &108660
GameObject:
  m_ObjectHideFlags: 1
  m_PrefabParentObject: {fileID: 0}
  m_PrefabInternal: {fileID: 100100000}
  serializedVersion: 4
  m_Component:
  - 4: {fileID: 482010}
  m_Layer: 0
  m_Name: MoleRoot
  m_TagString: Untagged
  m_Icon: {fileID: 0}
  m_NavMeshLayer: 0
  m_StaticEditorFlags: 0
  m_IsActive: 1
--- !u!1 &108844
GameObject:
  m_ObjectHideFlags: 1
  m_PrefabParentObject: {fileID: 0}
  m_PrefabInternal: {fileID: 100100000}
  serializedVersion: 4
  m_Component:
  - 4: {fileID: 428264}
  m_Layer: 0
  m_Name: MoleHead
  m_TagString: Untagged
  m_Icon: {fileID: 0}
  m_NavMeshLayer: 0
  m_StaticEditorFlags: 0
  m_IsActive: 1
--- !u!1 &110240
GameObject:
  m_ObjectHideFlags: 1
  m_PrefabParentObject: {fileID: 0}
  m_PrefabInternal: {fileID: 100100000}
  serializedVersion: 4
  m_Component:
  - 4: {fileID: 412414}
  - 137: {fileID: 13734938}
  m_Layer: 0
  m_Name: Mole
  m_TagString: Untagged
  m_Icon: {fileID: 0}
  m_NavMeshLayer: 0
  m_StaticEditorFlags: 0
  m_IsActive: 1
--- !u!1 &111102
GameObject:
  m_ObjectHideFlags: 1
  m_PrefabParentObject: {fileID: 0}
  m_PrefabInternal: {fileID: 100100000}
  serializedVersion: 4
  m_Component:
  - 4: {fileID: 469930}
  - 137: {fileID: 13746356}
  m_Layer: 0
  m_Name: Mole
  m_TagString: Untagged
  m_Icon: {fileID: 0}
  m_NavMeshLayer: 0
  m_StaticEditorFlags: 0
  m_IsActive: 1
--- !u!1 &111472
GameObject:
  m_ObjectHideFlags: 1
  m_PrefabParentObject: {fileID: 0}
  m_PrefabInternal: {fileID: 100100000}
  serializedVersion: 4
  m_Component:
  - 4: {fileID: 427116}
  m_Layer: 0
  m_Name: MoleEar.R
  m_TagString: Untagged
  m_Icon: {fileID: 0}
  m_NavMeshLayer: 0
  m_StaticEditorFlags: 0
  m_IsActive: 1
--- !u!1 &112782
GameObject:
  m_ObjectHideFlags: 1
  m_PrefabParentObject: {fileID: 0}
  m_PrefabInternal: {fileID: 100100000}
  serializedVersion: 4
  m_Component:
  - 4: {fileID: 435328}
  - 111: {fileID: 11176272}
  - 65: {fileID: 6541010}
  - 114: {fileID: 11408016}
  - 114: {fileID: 11476116}
  m_Layer: 0
  m_Name: Mole (1)
  m_TagString: Untagged
  m_Icon: {fileID: 0}
  m_NavMeshLayer: 0
  m_StaticEditorFlags: 0
  m_IsActive: 1
--- !u!1 &112828
GameObject:
  m_ObjectHideFlags: 1
  m_PrefabParentObject: {fileID: 0}
  m_PrefabInternal: {fileID: 100100000}
  serializedVersion: 4
  m_Component:
  - 4: {fileID: 411372}
  m_Layer: 0
  m_Name: Bip001 L Thigh
  m_TagString: Untagged
  m_Icon: {fileID: 0}
  m_NavMeshLayer: 0
  m_StaticEditorFlags: 0
  m_IsActive: 1
--- !u!1 &115116
GameObject:
  m_ObjectHideFlags: 1
  m_PrefabParentObject: {fileID: 0}
  m_PrefabInternal: {fileID: 100100000}
  serializedVersion: 4
  m_Component:
  - 4: {fileID: 445308}
  m_Layer: 0
  m_Name: MoleSpine1
  m_TagString: Untagged
  m_Icon: {fileID: 0}
  m_NavMeshLayer: 0
  m_StaticEditorFlags: 0
  m_IsActive: 1
--- !u!1 &116042
GameObject:
  m_ObjectHideFlags: 1
  m_PrefabParentObject: {fileID: 0}
  m_PrefabInternal: {fileID: 100100000}
  serializedVersion: 4
  m_Component:
  - 4: {fileID: 499050}
  - 137: {fileID: 13751148}
  m_Layer: 0
  m_Name: WoodenManAcc
  m_TagString: Untagged
  m_Icon: {fileID: 0}
  m_NavMeshLayer: 0
  m_StaticEditorFlags: 0
  m_IsActive: 1
--- !u!1 &116508
GameObject:
  m_ObjectHideFlags: 0
  m_PrefabParentObject: {fileID: 0}
  m_PrefabInternal: {fileID: 100100000}
  serializedVersion: 4
  m_Component:
  - 4: {fileID: 457026}
  - 111: {fileID: 11128654}
  m_Layer: 0
  m_Name: Daus@Dance
  m_TagString: Untagged
  m_Icon: {fileID: 0}
  m_NavMeshLayer: 0
  m_StaticEditorFlags: 0
  m_IsActive: 1
--- !u!1 &119664
GameObject:
  m_ObjectHideFlags: 1
  m_PrefabParentObject: {fileID: 0}
  m_PrefabInternal: {fileID: 100100000}
  serializedVersion: 4
  m_Component:
  - 4: {fileID: 404900}
  m_Layer: 0
  m_Name: MoleRoot
  m_TagString: Untagged
  m_Icon: {fileID: 0}
  m_NavMeshLayer: 0
  m_StaticEditorFlags: 0
  m_IsActive: 1
--- !u!1 &123072
GameObject:
  m_ObjectHideFlags: 1
  m_PrefabParentObject: {fileID: 0}
  m_PrefabInternal: {fileID: 100100000}
  serializedVersion: 4
  m_Component:
  - 4: {fileID: 471566}
  m_Layer: 0
  m_Name: Bip001 R Clavicle
  m_TagString: Untagged
  m_Icon: {fileID: 0}
  m_NavMeshLayer: 0
  m_StaticEditorFlags: 0
  m_IsActive: 1
--- !u!1 &123522
GameObject:
  m_ObjectHideFlags: 1
  m_PrefabParentObject: {fileID: 0}
  m_PrefabInternal: {fileID: 100100000}
  serializedVersion: 4
  m_Component:
  - 4: {fileID: 444778}
  m_Layer: 0
  m_Name: MoleEar.R
  m_TagString: Untagged
  m_Icon: {fileID: 0}
  m_NavMeshLayer: 0
  m_StaticEditorFlags: 0
  m_IsActive: 1
--- !u!1 &125190
GameObject:
  m_ObjectHideFlags: 1
  m_PrefabParentObject: {fileID: 0}
  m_PrefabInternal: {fileID: 100100000}
  serializedVersion: 4
  m_Component:
  - 4: {fileID: 488088}
  m_Layer: 0
  m_Name: MoleEar.R
  m_TagString: Untagged
  m_Icon: {fileID: 0}
  m_NavMeshLayer: 0
  m_StaticEditorFlags: 0
  m_IsActive: 1
--- !u!1 &125248
GameObject:
  m_ObjectHideFlags: 1
  m_PrefabParentObject: {fileID: 0}
  m_PrefabInternal: {fileID: 100100000}
  serializedVersion: 4
  m_Component:
  - 4: {fileID: 497216}
  - 111: {fileID: 11171974}
  - 65: {fileID: 6593262}
  - 114: {fileID: 11419718}
  - 114: {fileID: 11436298}
  m_Layer: 0
  m_Name: Mole (2)
  m_TagString: Untagged
  m_Icon: {fileID: 0}
  m_NavMeshLayer: 0
  m_StaticEditorFlags: 0
  m_IsActive: 1
--- !u!1 &125980
GameObject:
  m_ObjectHideFlags: 1
  m_PrefabParentObject: {fileID: 0}
  m_PrefabInternal: {fileID: 100100000}
  serializedVersion: 4
  m_Component:
  - 4: {fileID: 437550}
  m_Layer: 0
  m_Name: Bip001
  m_TagString: Untagged
  m_Icon: {fileID: 0}
  m_NavMeshLayer: 0
  m_StaticEditorFlags: 0
  m_IsActive: 1
--- !u!1 &126758
GameObject:
  m_ObjectHideFlags: 1
  m_PrefabParentObject: {fileID: 0}
  m_PrefabInternal: {fileID: 100100000}
  serializedVersion: 4
  m_Component:
  - 4: {fileID: 456894}
  - 111: {fileID: 11181426}
  - 65: {fileID: 6585468}
  - 114: {fileID: 11454984}
  - 114: {fileID: 11430866}
  m_Layer: 0
  m_Name: Mole (3)
  m_TagString: Untagged
  m_Icon: {fileID: 0}
  m_NavMeshLayer: 0
  m_StaticEditorFlags: 0
  m_IsActive: 1
--- !u!1 &129868
GameObject:
  m_ObjectHideFlags: 1
  m_PrefabParentObject: {fileID: 0}
  m_PrefabInternal: {fileID: 100100000}
  serializedVersion: 4
  m_Component:
  - 4: {fileID: 492376}
  m_Layer: 0
  m_Name: MoleEar.L1
  m_TagString: Untagged
  m_Icon: {fileID: 0}
  m_NavMeshLayer: 0
  m_StaticEditorFlags: 0
  m_IsActive: 1
--- !u!1 &129964
GameObject:
  m_ObjectHideFlags: 1
  m_PrefabParentObject: {fileID: 0}
  m_PrefabInternal: {fileID: 100100000}
  serializedVersion: 4
  m_Component:
  - 4: {fileID: 422802}
  m_Layer: 0
  m_Name: MoleEar.L
  m_TagString: Untagged
  m_Icon: {fileID: 0}
  m_NavMeshLayer: 0
  m_StaticEditorFlags: 0
  m_IsActive: 1
--- !u!1 &132398
GameObject:
  m_ObjectHideFlags: 1
  m_PrefabParentObject: {fileID: 0}
  m_PrefabInternal: {fileID: 100100000}
  serializedVersion: 4
  m_Component:
  - 4: {fileID: 422752}
  - 111: {fileID: 11182686}
  - 65: {fileID: 6556548}
  - 114: {fileID: 11455526}
  - 114: {fileID: 11409606}
  m_Layer: 0
  m_Name: Mole (6)
  m_TagString: Untagged
  m_Icon: {fileID: 0}
  m_NavMeshLayer: 0
  m_StaticEditorFlags: 0
  m_IsActive: 1
--- !u!1 &132784
GameObject:
  m_ObjectHideFlags: 1
  m_PrefabParentObject: {fileID: 0}
  m_PrefabInternal: {fileID: 100100000}
  serializedVersion: 4
  m_Component:
  - 4: {fileID: 419278}
  m_Layer: 0
  m_Name: MoleHead
  m_TagString: Untagged
  m_Icon: {fileID: 0}
  m_NavMeshLayer: 0
  m_StaticEditorFlags: 0
  m_IsActive: 1
--- !u!1 &132786
GameObject:
  m_ObjectHideFlags: 1
  m_PrefabParentObject: {fileID: 0}
  m_PrefabInternal: {fileID: 100100000}
  serializedVersion: 4
  m_Component:
  - 4: {fileID: 478106}
  m_Layer: 0
  m_Name: MoleEar.L
  m_TagString: Untagged
  m_Icon: {fileID: 0}
  m_NavMeshLayer: 0
  m_StaticEditorFlags: 0
  m_IsActive: 1
--- !u!1 &134266
GameObject:
  m_ObjectHideFlags: 1
  m_PrefabParentObject: {fileID: 0}
  m_PrefabInternal: {fileID: 100100000}
  serializedVersion: 4
  m_Component:
  - 4: {fileID: 463196}
  m_Layer: 0
  m_Name: MoleSpine
  m_TagString: Untagged
  m_Icon: {fileID: 0}
  m_NavMeshLayer: 0
  m_StaticEditorFlags: 0
  m_IsActive: 1
--- !u!1 &134730
GameObject:
  m_ObjectHideFlags: 1
  m_PrefabParentObject: {fileID: 0}
  m_PrefabInternal: {fileID: 100100000}
  serializedVersion: 4
  m_Component:
  - 4: {fileID: 451558}
  m_Layer: 0
  m_Name: Bip001 R UpperArm
  m_TagString: Untagged
  m_Icon: {fileID: 0}
  m_NavMeshLayer: 0
  m_StaticEditorFlags: 0
  m_IsActive: 1
--- !u!1 &135110
GameObject:
  m_ObjectHideFlags: 1
  m_PrefabParentObject: {fileID: 0}
  m_PrefabInternal: {fileID: 100100000}
  serializedVersion: 4
  m_Component:
  - 4: {fileID: 462426}
  m_Layer: 0
  m_Name: MoleEar.L1
  m_TagString: Untagged
  m_Icon: {fileID: 0}
  m_NavMeshLayer: 0
  m_StaticEditorFlags: 0
  m_IsActive: 1
--- !u!1 &136640
GameObject:
  m_ObjectHideFlags: 1
  m_PrefabParentObject: {fileID: 0}
  m_PrefabInternal: {fileID: 100100000}
  serializedVersion: 4
  m_Component:
  - 4: {fileID: 441634}
  m_Layer: 0
  m_Name: MoleEar.R
  m_TagString: Untagged
  m_Icon: {fileID: 0}
  m_NavMeshLayer: 0
  m_StaticEditorFlags: 0
  m_IsActive: 1
--- !u!1 &137436
GameObject:
  m_ObjectHideFlags: 1
  m_PrefabParentObject: {fileID: 0}
  m_PrefabInternal: {fileID: 100100000}
  serializedVersion: 4
  m_Component:
  - 4: {fileID: 456490}
  m_Layer: 0
  m_Name: MoleRoot
  m_TagString: Untagged
  m_Icon: {fileID: 0}
  m_NavMeshLayer: 0
  m_StaticEditorFlags: 0
  m_IsActive: 1
--- !u!1 &139596
GameObject:
  m_ObjectHideFlags: 1
  m_PrefabParentObject: {fileID: 0}
  m_PrefabInternal: {fileID: 100100000}
  serializedVersion: 4
  m_Component:
  - 4: {fileID: 443752}
  m_Layer: 0
  m_Name: Bip001 Head
  m_TagString: Untagged
  m_Icon: {fileID: 0}
  m_NavMeshLayer: 0
  m_StaticEditorFlags: 0
  m_IsActive: 1
--- !u!1 &140382
GameObject:
  m_ObjectHideFlags: 1
  m_PrefabParentObject: {fileID: 0}
  m_PrefabInternal: {fileID: 100100000}
  serializedVersion: 4
  m_Component:
  - 4: {fileID: 433810}
  m_Layer: 0
  m_Name: MoleSpine
  m_TagString: Untagged
  m_Icon: {fileID: 0}
  m_NavMeshLayer: 0
  m_StaticEditorFlags: 0
  m_IsActive: 1
--- !u!1 &140974
GameObject:
  m_ObjectHideFlags: 1
  m_PrefabParentObject: {fileID: 0}
  m_PrefabInternal: {fileID: 100100000}
  serializedVersion: 4
  m_Component:
  - 4: {fileID: 497284}
  m_Layer: 0
  m_Name: Bip001 L Forearm
  m_TagString: Untagged
  m_Icon: {fileID: 0}
  m_NavMeshLayer: 0
  m_StaticEditorFlags: 0
  m_IsActive: 1
--- !u!1 &141794
GameObject:
  m_ObjectHideFlags: 1
  m_PrefabParentObject: {fileID: 0}
  m_PrefabInternal: {fileID: 100100000}
  serializedVersion: 4
  m_Component:
  - 4: {fileID: 402410}
  m_Layer: 0
  m_Name: MoleEar.L1
  m_TagString: Untagged
  m_Icon: {fileID: 0}
  m_NavMeshLayer: 0
  m_StaticEditorFlags: 0
  m_IsActive: 1
--- !u!1 &142178
GameObject:
  m_ObjectHideFlags: 1
  m_PrefabParentObject: {fileID: 0}
  m_PrefabInternal: {fileID: 100100000}
  serializedVersion: 4
  m_Component:
  - 4: {fileID: 418674}
  m_Layer: 0
  m_Name: MoleEar.R
  m_TagString: Untagged
  m_Icon: {fileID: 0}
  m_NavMeshLayer: 0
  m_StaticEditorFlags: 0
  m_IsActive: 1
--- !u!1 &143446
GameObject:
  m_ObjectHideFlags: 1
  m_PrefabParentObject: {fileID: 0}
  m_PrefabInternal: {fileID: 100100000}
  serializedVersion: 4
  m_Component:
  - 4: {fileID: 470856}
  m_Layer: 0
  m_Name: MoleEar.L
  m_TagString: Untagged
  m_Icon: {fileID: 0}
  m_NavMeshLayer: 0
  m_StaticEditorFlags: 0
  m_IsActive: 1
--- !u!1 &144268
GameObject:
  m_ObjectHideFlags: 1
  m_PrefabParentObject: {fileID: 0}
  m_PrefabInternal: {fileID: 100100000}
  serializedVersion: 4
  m_Component:
  - 4: {fileID: 413212}
  m_Layer: 0
  m_Name: MoleHead
  m_TagString: Untagged
  m_Icon: {fileID: 0}
  m_NavMeshLayer: 0
  m_StaticEditorFlags: 0
  m_IsActive: 1
--- !u!1 &145236
GameObject:
  m_ObjectHideFlags: 1
  m_PrefabParentObject: {fileID: 0}
  m_PrefabInternal: {fileID: 100100000}
  serializedVersion: 4
  m_Component:
  - 4: {fileID: 419576}
  m_Layer: 0
  m_Name: Bip001 R Forearm
  m_TagString: Untagged
  m_Icon: {fileID: 0}
  m_NavMeshLayer: 0
  m_StaticEditorFlags: 0
  m_IsActive: 1
--- !u!1 &147462
GameObject:
  m_ObjectHideFlags: 1
  m_PrefabParentObject: {fileID: 0}
  m_PrefabInternal: {fileID: 100100000}
  serializedVersion: 4
  m_Component:
  - 4: {fileID: 499328}
  m_Layer: 0
  m_Name: MoleHeadTip
  m_TagString: Untagged
  m_Icon: {fileID: 0}
  m_NavMeshLayer: 0
  m_StaticEditorFlags: 0
  m_IsActive: 1
--- !u!1 &149386
GameObject:
  m_ObjectHideFlags: 1
  m_PrefabParentObject: {fileID: 0}
  m_PrefabInternal: {fileID: 100100000}
  serializedVersion: 4
  m_Component:
  - 4: {fileID: 421652}
  m_Layer: 0
  m_Name: Bip001 L Hand
  m_TagString: Untagged
  m_Icon: {fileID: 0}
  m_NavMeshLayer: 0
  m_StaticEditorFlags: 0
  m_IsActive: 1
--- !u!1 &150724
GameObject:
  m_ObjectHideFlags: 1
  m_PrefabParentObject: {fileID: 0}
  m_PrefabInternal: {fileID: 100100000}
  serializedVersion: 4
  m_Component:
  - 4: {fileID: 450308}
  m_Layer: 0
  m_Name: MoleSpine1
  m_TagString: Untagged
  m_Icon: {fileID: 0}
  m_NavMeshLayer: 0
  m_StaticEditorFlags: 0
  m_IsActive: 1
--- !u!1 &152276
GameObject:
  m_ObjectHideFlags: 1
  m_PrefabParentObject: {fileID: 0}
  m_PrefabInternal: {fileID: 100100000}
  serializedVersion: 4
  m_Component:
  - 4: {fileID: 488808}
  m_Layer: 0
  m_Name: MoleEar.L
  m_TagString: Untagged
  m_Icon: {fileID: 0}
  m_NavMeshLayer: 0
  m_StaticEditorFlags: 0
  m_IsActive: 1
--- !u!1 &153138
GameObject:
  m_ObjectHideFlags: 1
  m_PrefabParentObject: {fileID: 0}
  m_PrefabInternal: {fileID: 100100000}
  serializedVersion: 4
  m_Component:
  - 4: {fileID: 422624}
  m_Layer: 0
  m_Name: MoleHead
  m_TagString: Untagged
  m_Icon: {fileID: 0}
  m_NavMeshLayer: 0
  m_StaticEditorFlags: 0
  m_IsActive: 1
--- !u!1 &153656
GameObject:
  m_ObjectHideFlags: 1
  m_PrefabParentObject: {fileID: 0}
  m_PrefabInternal: {fileID: 100100000}
  serializedVersion: 4
  m_Component:
  - 4: {fileID: 447182}
  m_Layer: 0
  m_Name: MoleEar.R1
  m_TagString: Untagged
  m_Icon: {fileID: 0}
  m_NavMeshLayer: 0
  m_StaticEditorFlags: 0
  m_IsActive: 1
--- !u!1 &154252
GameObject:
  m_ObjectHideFlags: 1
  m_PrefabParentObject: {fileID: 0}
  m_PrefabInternal: {fileID: 100100000}
  serializedVersion: 4
  m_Component:
  - 4: {fileID: 442508}
  m_Layer: 0
  m_Name: MoleEar.L
  m_TagString: Untagged
  m_Icon: {fileID: 0}
  m_NavMeshLayer: 0
  m_StaticEditorFlags: 0
  m_IsActive: 1
--- !u!1 &155724
GameObject:
  m_ObjectHideFlags: 1
  m_PrefabParentObject: {fileID: 0}
  m_PrefabInternal: {fileID: 100100000}
  serializedVersion: 4
  m_Component:
  - 4: {fileID: 497048}
  m_Layer: 0
  m_Name: MoleEar.L1
  m_TagString: Untagged
  m_Icon: {fileID: 0}
  m_NavMeshLayer: 0
  m_StaticEditorFlags: 0
  m_IsActive: 1
--- !u!1 &155836
GameObject:
  m_ObjectHideFlags: 1
  m_PrefabParentObject: {fileID: 0}
  m_PrefabInternal: {fileID: 100100000}
  serializedVersion: 4
  m_Component:
  - 4: {fileID: 444474}
  m_Layer: 0
  m_Name: MoleSpine1
  m_TagString: Untagged
  m_Icon: {fileID: 0}
  m_NavMeshLayer: 0
  m_StaticEditorFlags: 0
  m_IsActive: 1
--- !u!1 &157528
GameObject:
  m_ObjectHideFlags: 1
  m_PrefabParentObject: {fileID: 0}
  m_PrefabInternal: {fileID: 100100000}
  serializedVersion: 4
  m_Component:
  - 4: {fileID: 437742}
  - 137: {fileID: 13765056}
  m_Layer: 0
  m_Name: BaseChar
  m_TagString: Untagged
  m_Icon: {fileID: 0}
  m_NavMeshLayer: 0
  m_StaticEditorFlags: 0
  m_IsActive: 1
--- !u!1 &160096
GameObject:
  m_ObjectHideFlags: 1
  m_PrefabParentObject: {fileID: 0}
  m_PrefabInternal: {fileID: 100100000}
  serializedVersion: 4
  m_Component:
  - 4: {fileID: 474040}
  m_Layer: 0
  m_Name: MoleEar.R1
  m_TagString: Untagged
  m_Icon: {fileID: 0}
  m_NavMeshLayer: 0
  m_StaticEditorFlags: 0
  m_IsActive: 1
--- !u!1 &160348
GameObject:
  m_ObjectHideFlags: 1
  m_PrefabParentObject: {fileID: 0}
  m_PrefabInternal: {fileID: 100100000}
  serializedVersion: 4
  m_Component:
  - 4: {fileID: 468454}
  - 111: {fileID: 11173110}
  - 65: {fileID: 6587788}
  - 114: {fileID: 11435220}
  - 114: {fileID: 11465386}
  m_Layer: 0
  m_Name: Mole (5)
  m_TagString: Untagged
  m_Icon: {fileID: 0}
  m_NavMeshLayer: 0
  m_StaticEditorFlags: 0
  m_IsActive: 1
--- !u!1 &162178
GameObject:
  m_ObjectHideFlags: 1
  m_PrefabParentObject: {fileID: 0}
  m_PrefabInternal: {fileID: 100100000}
  serializedVersion: 4
  m_Component:
  - 4: {fileID: 422148}
  m_Layer: 0
  m_Name: MoleEar.R1
  m_TagString: Untagged
  m_Icon: {fileID: 0}
  m_NavMeshLayer: 0
  m_StaticEditorFlags: 0
  m_IsActive: 1
--- !u!1 &162238
GameObject:
  m_ObjectHideFlags: 1
  m_PrefabParentObject: {fileID: 0}
  m_PrefabInternal: {fileID: 100100000}
  serializedVersion: 4
  m_Component:
  - 4: {fileID: 444534}
  m_Layer: 0
  m_Name: Bip001 L Calf
  m_TagString: Untagged
  m_Icon: {fileID: 0}
  m_NavMeshLayer: 0
  m_StaticEditorFlags: 0
  m_IsActive: 1
--- !u!1 &163268
GameObject:
  m_ObjectHideFlags: 1
  m_PrefabParentObject: {fileID: 0}
  m_PrefabInternal: {fileID: 100100000}
  serializedVersion: 4
  m_Component:
  - 4: {fileID: 412524}
  m_Layer: 0
  m_Name: MoleSpine1
  m_TagString: Untagged
  m_Icon: {fileID: 0}
  m_NavMeshLayer: 0
  m_StaticEditorFlags: 0
  m_IsActive: 1
--- !u!1 &164200
GameObject:
  m_ObjectHideFlags: 1
  m_PrefabParentObject: {fileID: 0}
  m_PrefabInternal: {fileID: 100100000}
  serializedVersion: 4
  m_Component:
  - 4: {fileID: 481546}
  m_Layer: 0
  m_Name: MoleEar.R
  m_TagString: Untagged
  m_Icon: {fileID: 0}
  m_NavMeshLayer: 0
  m_StaticEditorFlags: 0
  m_IsActive: 1
--- !u!1 &164216
GameObject:
  m_ObjectHideFlags: 1
  m_PrefabParentObject: {fileID: 0}
  m_PrefabInternal: {fileID: 100100000}
  serializedVersion: 4
  m_Component:
  - 4: {fileID: 425812}
  m_Layer: 0
  m_Name: Bip001 R Thigh
  m_TagString: Untagged
  m_Icon: {fileID: 0}
  m_NavMeshLayer: 0
  m_StaticEditorFlags: 0
  m_IsActive: 1
--- !u!1 &168666
GameObject:
  m_ObjectHideFlags: 1
  m_PrefabParentObject: {fileID: 0}
  m_PrefabInternal: {fileID: 100100000}
  serializedVersion: 4
  m_Component:
  - 4: {fileID: 444204}
  m_Layer: 0
  m_Name: Bip001 Spine
  m_TagString: Untagged
  m_Icon: {fileID: 0}
  m_NavMeshLayer: 0
  m_StaticEditorFlags: 0
  m_IsActive: 1
--- !u!1 &170382
GameObject:
  m_ObjectHideFlags: 1
  m_PrefabParentObject: {fileID: 0}
  m_PrefabInternal: {fileID: 100100000}
  serializedVersion: 4
  m_Component:
  - 4: {fileID: 470746}
  m_Layer: 0
  m_Name: MoleHead
  m_TagString: Untagged
  m_Icon: {fileID: 0}
  m_NavMeshLayer: 0
  m_StaticEditorFlags: 0
  m_IsActive: 1
--- !u!1 &171514
GameObject:
  m_ObjectHideFlags: 1
  m_PrefabParentObject: {fileID: 0}
  m_PrefabInternal: {fileID: 100100000}
  serializedVersion: 4
  m_Component:
  - 4: {fileID: 463062}
  - 111: {fileID: 11160402}
  - 65: {fileID: 6567224}
  - 114: {fileID: 11479904}
  - 114: {fileID: 11497412}
  m_Layer: 0
  m_Name: Mole (4)
  m_TagString: Untagged
  m_Icon: {fileID: 0}
  m_NavMeshLayer: 0
  m_StaticEditorFlags: 0
  m_IsActive: 1
--- !u!1 &172808
GameObject:
  m_ObjectHideFlags: 0
  m_PrefabParentObject: {fileID: 0}
  m_PrefabInternal: {fileID: 100100000}
  serializedVersion: 4
  m_Component:
  - 4: {fileID: 439468}
  - 114: {fileID: 11422238}
  - 114: {fileID: 11442082}
  m_Layer: 0
  m_Name: GameManagerDaus
  m_TagString: GameManagerDaus
  m_Icon: {fileID: 0}
  m_NavMeshLayer: 0
  m_StaticEditorFlags: 0
  m_IsActive: 1
--- !u!1 &175368
GameObject:
  m_ObjectHideFlags: 1
  m_PrefabParentObject: {fileID: 0}
  m_PrefabInternal: {fileID: 100100000}
  serializedVersion: 4
  m_Component:
  - 4: {fileID: 444972}
  m_Layer: 0
  m_Name: Bip001 L Toe0
  m_TagString: Untagged
  m_Icon: {fileID: 0}
  m_NavMeshLayer: 0
  m_StaticEditorFlags: 0
  m_IsActive: 1
--- !u!1 &175884
GameObject:
  m_ObjectHideFlags: 1
  m_PrefabParentObject: {fileID: 0}
  m_PrefabInternal: {fileID: 100100000}
  serializedVersion: 4
  m_Component:
  - 4: {fileID: 490756}
  m_Layer: 0
  m_Name: MoleSpine
  m_TagString: Untagged
  m_Icon: {fileID: 0}
  m_NavMeshLayer: 0
  m_StaticEditorFlags: 0
  m_IsActive: 1
--- !u!1 &176166
GameObject:
  m_ObjectHideFlags: 1
  m_PrefabParentObject: {fileID: 0}
  m_PrefabInternal: {fileID: 100100000}
  serializedVersion: 4
  m_Component:
  - 4: {fileID: 459958}
  m_Layer: 0
  m_Name: Bip001 Neck
  m_TagString: Untagged
  m_Icon: {fileID: 0}
  m_NavMeshLayer: 0
  m_StaticEditorFlags: 0
  m_IsActive: 1
--- !u!1 &177612
GameObject:
  m_ObjectHideFlags: 1
  m_PrefabParentObject: {fileID: 0}
  m_PrefabInternal: {fileID: 100100000}
  serializedVersion: 4
  m_Component:
  - 4: {fileID: 449772}
  m_Layer: 0
  m_Name: Bip001 L Foot
  m_TagString: Untagged
  m_Icon: {fileID: 0}
  m_NavMeshLayer: 0
  m_StaticEditorFlags: 0
  m_IsActive: 1
--- !u!1 &178704
GameObject:
  m_ObjectHideFlags: 1
  m_PrefabParentObject: {fileID: 0}
  m_PrefabInternal: {fileID: 100100000}
  serializedVersion: 4
  m_Component:
  - 4: {fileID: 478694}
  m_Layer: 0
  m_Name: MoleRoot
  m_TagString: Untagged
  m_Icon: {fileID: 0}
  m_NavMeshLayer: 0
  m_StaticEditorFlags: 0
  m_IsActive: 1
--- !u!1 &179550
GameObject:
  m_ObjectHideFlags: 1
  m_PrefabParentObject: {fileID: 0}
  m_PrefabInternal: {fileID: 100100000}
  serializedVersion: 4
  m_Component:
  - 4: {fileID: 420616}
  m_Layer: 0
  m_Name: Bip001 L Clavicle
  m_TagString: Untagged
  m_Icon: {fileID: 0}
  m_NavMeshLayer: 0
  m_StaticEditorFlags: 0
  m_IsActive: 1
--- !u!1 &179720
GameObject:
  m_ObjectHideFlags: 0
  m_PrefabParentObject: {fileID: 0}
  m_PrefabInternal: {fileID: 100100000}
  serializedVersion: 4
  m_Component:
  - 4: {fileID: 495094}
  m_Layer: 0
  m_Name: GameDaus
  m_TagString: Untagged
  m_Icon: {fileID: 0}
  m_NavMeshLayer: 0
  m_StaticEditorFlags: 0
  m_IsActive: 1
--- !u!1 &180092
GameObject:
  m_ObjectHideFlags: 1
  m_PrefabParentObject: {fileID: 0}
  m_PrefabInternal: {fileID: 100100000}
  serializedVersion: 4
  m_Component:
  - 4: {fileID: 460336}
  m_Layer: 0
  m_Name: MoleEar.L1
  m_TagString: Untagged
  m_Icon: {fileID: 0}
  m_NavMeshLayer: 0
  m_StaticEditorFlags: 0
  m_IsActive: 1
--- !u!1 &180106
GameObject:
  m_ObjectHideFlags: 1
  m_PrefabParentObject: {fileID: 0}
  m_PrefabInternal: {fileID: 100100000}
  serializedVersion: 4
  m_Component:
  - 4: {fileID: 403298}
  m_Layer: 0
  m_Name: Bip001 R Calf
  m_TagString: Untagged
  m_Icon: {fileID: 0}
  m_NavMeshLayer: 0
  m_StaticEditorFlags: 0
  m_IsActive: 1
--- !u!1 &181786
GameObject:
  m_ObjectHideFlags: 1
  m_PrefabParentObject: {fileID: 0}
  m_PrefabInternal: {fileID: 100100000}
  serializedVersion: 4
  m_Component:
  - 4: {fileID: 489372}
  m_Layer: 0
  m_Name: MoleSpine1
  m_TagString: Untagged
  m_Icon: {fileID: 0}
  m_NavMeshLayer: 0
  m_StaticEditorFlags: 0
  m_IsActive: 1
--- !u!1 &182438
GameObject:
  m_ObjectHideFlags: 1
  m_PrefabParentObject: {fileID: 0}
  m_PrefabInternal: {fileID: 100100000}
  serializedVersion: 4
  m_Component:
  - 4: {fileID: 438614}
  m_Layer: 0
  m_Name: MoleSpine1
  m_TagString: Untagged
  m_Icon: {fileID: 0}
  m_NavMeshLayer: 0
  m_StaticEditorFlags: 0
  m_IsActive: 1
--- !u!1 &184660
GameObject:
  m_ObjectHideFlags: 1
  m_PrefabParentObject: {fileID: 0}
  m_PrefabInternal: {fileID: 100100000}
  serializedVersion: 4
  m_Component:
  - 4: {fileID: 401454}
  m_Layer: 0
  m_Name: MoleRoot
  m_TagString: Untagged
  m_Icon: {fileID: 0}
  m_NavMeshLayer: 0
  m_StaticEditorFlags: 0
  m_IsActive: 1
--- !u!1 &184966
GameObject:
  m_ObjectHideFlags: 1
  m_PrefabParentObject: {fileID: 0}
  m_PrefabInternal: {fileID: 100100000}
  serializedVersion: 4
  m_Component:
  - 4: {fileID: 473266}
  m_Layer: 0
  m_Name: MoleHeadTip
  m_TagString: Untagged
  m_Icon: {fileID: 0}
  m_NavMeshLayer: 0
  m_StaticEditorFlags: 0
  m_IsActive: 1
--- !u!1 &185962
GameObject:
  m_ObjectHideFlags: 1
  m_PrefabParentObject: {fileID: 0}
  m_PrefabInternal: {fileID: 100100000}
  serializedVersion: 4
  m_Component:
  - 4: {fileID: 481434}
  m_Layer: 0
  m_Name: MoleHeadTip
  m_TagString: Untagged
  m_Icon: {fileID: 0}
  m_NavMeshLayer: 0
  m_StaticEditorFlags: 0
  m_IsActive: 1
--- !u!1 &186284
GameObject:
  m_ObjectHideFlags: 1
  m_PrefabParentObject: {fileID: 0}
  m_PrefabInternal: {fileID: 100100000}
  serializedVersion: 4
  m_Component:
  - 4: {fileID: 454782}
  m_Layer: 0
  m_Name: MoleEar.L1
  m_TagString: Untagged
  m_Icon: {fileID: 0}
  m_NavMeshLayer: 0
  m_StaticEditorFlags: 0
  m_IsActive: 1
--- !u!1 &186990
GameObject:
  m_ObjectHideFlags: 1
  m_PrefabParentObject: {fileID: 0}
  m_PrefabInternal: {fileID: 100100000}
  serializedVersion: 4
  m_Component:
  - 4: {fileID: 484968}
  m_Layer: 0
  m_Name: Bip001 L UpperArm
  m_TagString: Untagged
  m_Icon: {fileID: 0}
  m_NavMeshLayer: 0
  m_StaticEditorFlags: 0
  m_IsActive: 1
--- !u!1 &187320
GameObject:
  m_ObjectHideFlags: 1
  m_PrefabParentObject: {fileID: 0}
  m_PrefabInternal: {fileID: 100100000}
  serializedVersion: 4
  m_Component:
  - 4: {fileID: 415810}
  m_Layer: 0
  m_Name: MoleHeadTip
  m_TagString: Untagged
  m_Icon: {fileID: 0}
  m_NavMeshLayer: 0
  m_StaticEditorFlags: 0
  m_IsActive: 1
--- !u!1 &188840
GameObject:
  m_ObjectHideFlags: 1
  m_PrefabParentObject: {fileID: 0}
  m_PrefabInternal: {fileID: 100100000}
  serializedVersion: 4
  m_Component:
  - 4: {fileID: 474012}
  m_Layer: 0
  m_Name: Bip001 R Hand
  m_TagString: Untagged
  m_Icon: {fileID: 0}
  m_NavMeshLayer: 0
  m_StaticEditorFlags: 0
  m_IsActive: 1
--- !u!1 &188842
GameObject:
  m_ObjectHideFlags: 1
  m_PrefabParentObject: {fileID: 0}
  m_PrefabInternal: {fileID: 100100000}
  serializedVersion: 4
  m_Component:
  - 4: {fileID: 409966}
  - 137: {fileID: 13764218}
  m_Layer: 0
  m_Name: Mole
  m_TagString: Untagged
  m_Icon: {fileID: 0}
  m_NavMeshLayer: 0
  m_StaticEditorFlags: 0
  m_IsActive: 1
--- !u!1 &190110
GameObject:
  m_ObjectHideFlags: 1
  m_PrefabParentObject: {fileID: 0}
  m_PrefabInternal: {fileID: 100100000}
  serializedVersion: 4
  m_Component:
  - 4: {fileID: 472014}
  m_Layer: 0
  m_Name: MoleSpine
  m_TagString: Untagged
  m_Icon: {fileID: 0}
  m_NavMeshLayer: 0
  m_StaticEditorFlags: 0
  m_IsActive: 1
--- !u!1 &191736
GameObject:
  m_ObjectHideFlags: 1
  m_PrefabParentObject: {fileID: 0}
  m_PrefabInternal: {fileID: 100100000}
  serializedVersion: 4
  m_Component:
  - 4: {fileID: 409494}
  - 137: {fileID: 13705032}
  m_Layer: 0
  m_Name: Mole
  m_TagString: Untagged
  m_Icon: {fileID: 0}
  m_NavMeshLayer: 0
  m_StaticEditorFlags: 0
  m_IsActive: 1
--- !u!1 &192220
GameObject:
  m_ObjectHideFlags: 1
  m_PrefabParentObject: {fileID: 0}
  m_PrefabInternal: {fileID: 100100000}
  serializedVersion: 4
  m_Component:
  - 4: {fileID: 461304}
  m_Layer: 0
  m_Name: MoleSpine
  m_TagString: Untagged
  m_Icon: {fileID: 0}
  m_NavMeshLayer: 0
  m_StaticEditorFlags: 0
  m_IsActive: 1
--- !u!1 &193398
GameObject:
  m_ObjectHideFlags: 1
  m_PrefabParentObject: {fileID: 0}
  m_PrefabInternal: {fileID: 100100000}
  serializedVersion: 4
  m_Component:
  - 4: {fileID: 462126}
  m_Layer: 0
  m_Name: MoleSpine
  m_TagString: Untagged
  m_Icon: {fileID: 0}
  m_NavMeshLayer: 0
  m_StaticEditorFlags: 0
  m_IsActive: 1
--- !u!1 &194966
GameObject:
  m_ObjectHideFlags: 1
  m_PrefabParentObject: {fileID: 0}
  m_PrefabInternal: {fileID: 100100000}
  serializedVersion: 4
  m_Component:
  - 4: {fileID: 451756}
  m_Layer: 0
  m_Name: MoleHead
  m_TagString: Untagged
  m_Icon: {fileID: 0}
  m_NavMeshLayer: 0
  m_StaticEditorFlags: 0
  m_IsActive: 1
--- !u!1 &195784
GameObject:
  m_ObjectHideFlags: 0
  m_PrefabParentObject: {fileID: 0}
  m_PrefabInternal: {fileID: 100100000}
  serializedVersion: 4
  m_Component:
  - 4: {fileID: 431726}
  - 33: {fileID: 3310954}
  - 23: {fileID: 2357366}
  m_Layer: 0
  m_Name: GroundMole
  m_TagString: Untagged
  m_Icon: {fileID: 0}
  m_NavMeshLayer: 0
  m_StaticEditorFlags: 0
  m_IsActive: 1
--- !u!1 &196178
GameObject:
  m_ObjectHideFlags: 1
  m_PrefabParentObject: {fileID: 0}
  m_PrefabInternal: {fileID: 100100000}
  serializedVersion: 4
  m_Component:
  - 4: {fileID: 440696}
  m_Layer: 0
  m_Name: Bip001 R Toe0
  m_TagString: Untagged
  m_Icon: {fileID: 0}
  m_NavMeshLayer: 0
  m_StaticEditorFlags: 0
  m_IsActive: 1
--- !u!1 &197776
GameObject:
  m_ObjectHideFlags: 1
  m_PrefabParentObject: {fileID: 0}
  m_PrefabInternal: {fileID: 100100000}
  serializedVersion: 4
  m_Component:
  - 4: {fileID: 483542}
  - 137: {fileID: 13750580}
  m_Layer: 0
  m_Name: Mole
  m_TagString: Untagged
  m_Icon: {fileID: 0}
  m_NavMeshLayer: 0
  m_StaticEditorFlags: 0
  m_IsActive: 1
--- !u!1 &197832
GameObject:
  m_ObjectHideFlags: 1
  m_PrefabParentObject: {fileID: 0}
  m_PrefabInternal: {fileID: 100100000}
  serializedVersion: 4
  m_Component:
  - 4: {fileID: 483066}
  m_Layer: 0
  m_Name: Bip001 Pelvis
  m_TagString: Untagged
  m_Icon: {fileID: 0}
  m_NavMeshLayer: 0
  m_StaticEditorFlags: 0
  m_IsActive: 1
--- !u!1 &198822
GameObject:
  m_ObjectHideFlags: 1
  m_PrefabParentObject: {fileID: 0}
  m_PrefabInternal: {fileID: 100100000}
  serializedVersion: 4
  m_Component:
  - 4: {fileID: 449958}
  m_Layer: 0
  m_Name: Bip001 R Foot
  m_TagString: Untagged
  m_Icon: {fileID: 0}
  m_NavMeshLayer: 0
  m_StaticEditorFlags: 0
  m_IsActive: 1
--- !u!1 &199516
GameObject:
  m_ObjectHideFlags: 1
  m_PrefabParentObject: {fileID: 0}
  m_PrefabInternal: {fileID: 100100000}
  serializedVersion: 4
  m_Component:
  - 4: {fileID: 450790}
  m_Layer: 0
  m_Name: MoleEar.R1
  m_TagString: Untagged
  m_Icon: {fileID: 0}
  m_NavMeshLayer: 0
  m_StaticEditorFlags: 0
  m_IsActive: 1
--- !u!4 &401454
Transform:
  m_ObjectHideFlags: 1
  m_PrefabParentObject: {fileID: 0}
  m_PrefabInternal: {fileID: 100100000}
  m_GameObject: {fileID: 184660}
  m_LocalRotation: {x: 1.03506494e-07, y: -1.03506096e-07, z: -.707106709, w: .707106888}
  m_LocalPosition: {x: 0, y: 0, z: 0}
  m_LocalScale: {x: 1, y: 1, z: 1}
  m_Children:
  - {fileID: 472014}
  m_Father: {fileID: 497216}
  m_RootOrder: 1
--- !u!4 &402410
Transform:
  m_ObjectHideFlags: 1
  m_PrefabParentObject: {fileID: 0}
  m_PrefabInternal: {fileID: 100100000}
  m_GameObject: {fileID: 141794}
  m_LocalRotation: {x: 3.44335088e-10, y: -6.64791289e-09, z: .0517266281, w: .99866128}
  m_LocalPosition: {x: -.0334993787, y: 1.33514402e-06, z: 0}
  m_LocalScale: {x: 1, y: 1, z: 1}
  m_Children: []
  m_Father: {fileID: 486216}
  m_RootOrder: 0
--- !u!4 &403298
Transform:
  m_ObjectHideFlags: 1
  m_PrefabParentObject: {fileID: 0}
  m_PrefabInternal: {fileID: 100100000}
  m_GameObject: {fileID: 180106}
  m_LocalRotation: {x: -6.21528917e-09, y: -2.17675433e-09, z: .460690498, w: .887560904}
  m_LocalPosition: {x: -.0839653686, y: 0, z: 4.76837148e-09}
  m_LocalScale: {x: 1.00000012, y: 1.00000012, z: 1}
  m_Children:
  - {fileID: 449958}
  m_Father: {fileID: 425812}
  m_RootOrder: 0
--- !u!4 &404352
Transform:
  m_ObjectHideFlags: 1
  m_PrefabParentObject: {fileID: 0}
  m_PrefabInternal: {fileID: 100100000}
  m_GameObject: {fileID: 100496}
  m_LocalRotation: {x: 3.27736649e-20, y: 2.71050543e-20, z: -8.88332142e-40, w: 1}
  m_LocalPosition: {x: -.099999994, y: -2.2737367e-15, z: 4.37129399e-09}
  m_LocalScale: {x: 1, y: 1, z: 1}
  m_Children: []
  m_Father: {fileID: 451756}
  m_RootOrder: 2
--- !u!4 &404574
Transform:
  m_ObjectHideFlags: 1
  m_PrefabParentObject: {fileID: 0}
  m_PrefabInternal: {fileID: 100100000}
  m_GameObject: {fileID: 100448}
  m_LocalRotation: {x: -.00359622273, y: -.0158491302, z: -.0790709108, w: .996736526}
  m_LocalPosition: {x: -.0452215746, y: -3.55672819e-05, z: 1.66893003e-07}
  m_LocalScale: {x: .999999881, y: .999999881, z: 1}
  m_Children:
  - {fileID: 459958}
  m_Father: {fileID: 444204}
  m_RootOrder: 2
--- !u!4 &404900
Transform:
  m_ObjectHideFlags: 1
  m_PrefabParentObject: {fileID: 0}
  m_PrefabInternal: {fileID: 100100000}
  m_GameObject: {fileID: 119664}
  m_LocalRotation: {x: 1.03506494e-07, y: -1.03506096e-07, z: -.707106709, w: .707106888}
  m_LocalPosition: {x: 0, y: 0, z: 0}
  m_LocalScale: {x: 1, y: 1, z: 1}
  m_Children:
  - {fileID: 461304}
  m_Father: {fileID: 422752}
  m_RootOrder: 1
--- !u!4 &409494
Transform:
  m_ObjectHideFlags: 1
  m_PrefabParentObject: {fileID: 0}
  m_PrefabInternal: {fileID: 100100000}
  m_GameObject: {fileID: 191736}
  m_LocalRotation: {x: -.707106829, y: 0, z: -0, w: .707106829}
  m_LocalPosition: {x: 0, y: 0, z: 0}
  m_LocalScale: {x: 1, y: 1, z: 1}
  m_Children: []
  m_Father: {fileID: 497216}
  m_RootOrder: 0
--- !u!4 &409966
Transform:
  m_ObjectHideFlags: 1
  m_PrefabParentObject: {fileID: 0}
  m_PrefabInternal: {fileID: 100100000}
  m_GameObject: {fileID: 188842}
  m_LocalRotation: {x: -.707106829, y: 0, z: -0, w: .707106829}
  m_LocalPosition: {x: 0, y: 0, z: 0}
  m_LocalScale: {x: 1, y: 1, z: 1}
  m_Children: []
  m_Father: {fileID: 468454}
  m_RootOrder: 0
--- !u!4 &411372
Transform:
  m_ObjectHideFlags: 1
  m_PrefabParentObject: {fileID: 0}
  m_PrefabInternal: {fileID: 100100000}
  m_GameObject: {fileID: 112828}
  m_LocalRotation: {x: -.297548115, y: .939836323, z: .113150217, w: .123975188}
  m_LocalPosition: {x: .0278770439, y: .00621880498, z: .0277033914}
  m_LocalScale: {x: .99999994, y: .999999821, z: .999999881}
  m_Children:
  - {fileID: 444534}
  m_Father: {fileID: 444204}
  m_RootOrder: 0
--- !u!4 &412414
Transform:
  m_ObjectHideFlags: 1
  m_PrefabParentObject: {fileID: 0}
  m_PrefabInternal: {fileID: 100100000}
  m_GameObject: {fileID: 110240}
  m_LocalRotation: {x: -.707106829, y: 0, z: -0, w: .707106829}
  m_LocalPosition: {x: 0, y: 0, z: 0}
  m_LocalScale: {x: 1, y: 1, z: 1}
  m_Children: []
  m_Father: {fileID: 422752}
  m_RootOrder: 0
--- !u!4 &412524
Transform:
  m_ObjectHideFlags: 1
  m_PrefabParentObject: {fileID: 0}
  m_PrefabInternal: {fileID: 100100000}
  m_GameObject: {fileID: 163268}
  m_LocalRotation: {x: 3.27736584e-20, y: 2.71050608e-20, z: 2.38418579e-07, w: 1}
  m_LocalPosition: {x: -.099999994, y: 0, z: 4.37075798e-09}
  m_LocalScale: {x: 1, y: 1, z: 1}
  m_Children:
  - {fileID: 422624}
  m_Father: {fileID: 490756}
  m_RootOrder: 0
--- !u!4 &413212
Transform:
  m_ObjectHideFlags: 1
  m_PrefabParentObject: {fileID: 0}
  m_PrefabInternal: {fileID: 100100000}
  m_GameObject: {fileID: 144268}
  m_LocalRotation: {x: 3.27736649e-20, y: 2.71050543e-20, z: -8.88332142e-40, w: 1}
  m_LocalPosition: {x: -.099999994, y: -1.90734859e-08, z: 4.37085479e-09}
  m_LocalScale: {x: 1, y: 1, z: 1}
  m_Children:
  - {fileID: 442508}
  - {fileID: 418674}
  - {fileID: 415810}
  m_Father: {fileID: 444474}
  m_RootOrder: 0
--- !u!4 &415810
Transform:
  m_ObjectHideFlags: 1
  m_PrefabParentObject: {fileID: 0}
  m_PrefabInternal: {fileID: 100100000}
  m_GameObject: {fileID: 187320}
  m_LocalRotation: {x: 3.27736649e-20, y: 2.71050543e-20, z: -8.88332142e-40, w: 1}
  m_LocalPosition: {x: -.099999994, y: -2.2737367e-15, z: 4.37129399e-09}
  m_LocalScale: {x: 1, y: 1, z: 1}
  m_Children: []
  m_Father: {fileID: 413212}
  m_RootOrder: 2
--- !u!4 &418674
Transform:
  m_ObjectHideFlags: 1
  m_PrefabParentObject: {fileID: 0}
  m_PrefabInternal: {fileID: 100100000}
  m_GameObject: {fileID: 142178}
  m_LocalRotation: {x: 3.27873124e-08, y: 4.52424089e-08, z: .809724748, w: .586809874}
  m_LocalPosition: {x: -.0436870195, y: -.0738713369, z: -.0115212249}
  m_LocalScale: {x: 1, y: 1, z: 1}
  m_Children:
  - {fileID: 474040}
  m_Father: {fileID: 413212}
  m_RootOrder: 1
--- !u!4 &419278
Transform:
  m_ObjectHideFlags: 1
  m_PrefabParentObject: {fileID: 0}
  m_PrefabInternal: {fileID: 100100000}
  m_GameObject: {fileID: 132784}
  m_LocalRotation: {x: 3.27736649e-20, y: 2.71050543e-20, z: -8.88332142e-40, w: 1}
  m_LocalPosition: {x: -.099999994, y: -1.90734859e-08, z: 4.37085479e-09}
  m_LocalScale: {x: 1, y: 1, z: 1}
  m_Children:
  - {fileID: 422802}
  - {fileID: 441634}
  - {fileID: 473266}
  m_Father: {fileID: 438614}
  m_RootOrder: 0
--- !u!4 &419576
Transform:
  m_ObjectHideFlags: 1
  m_PrefabParentObject: {fileID: 0}
  m_PrefabInternal: {fileID: 100100000}
  m_GameObject: {fileID: 145236}
  m_LocalRotation: {x: 3.11668842e-08, y: 1.1783392e-08, z: .734622955, w: .678475618}
  m_LocalPosition: {x: -.0492975563, y: 0, z: 0}
  m_LocalScale: {x: .99999994, y: 1.00000012, z: 1}
  m_Children:
  - {fileID: 474012}
  m_Father: {fileID: 451558}
  m_RootOrder: 0
--- !u!4 &420616
Transform:
  m_ObjectHideFlags: 1
  m_PrefabParentObject: {fileID: 0}
  m_PrefabInternal: {fileID: 100100000}
  m_GameObject: {fileID: 179550}
  m_LocalRotation: {x: -.684021711, y: .0254739244, z: .728749692, w: -.0197327305}
  m_LocalPosition: {x: .02566492, y: -.00012503624, z: .014628672}
  m_LocalScale: {x: 1, y: .999999881, z: .999999821}
  m_Children:
  - {fileID: 484968}
  m_Father: {fileID: 459958}
  m_RootOrder: 1
--- !u!4 &421652
Transform:
  m_ObjectHideFlags: 1
  m_PrefabParentObject: {fileID: 0}
  m_PrefabInternal: {fileID: 100100000}
  m_GameObject: {fileID: 149386}
  m_LocalRotation: {x: -.704963684, y: -.0785869658, z: .173213691, w: .683262348}
  m_LocalPosition: {x: -.0493198186, y: 1.19209287e-09, z: 0}
  m_LocalScale: {x: 1, y: .999999881, z: 1}
  m_Children: []
  m_Father: {fileID: 497284}
  m_RootOrder: 0
--- !u!4 &422148
Transform:
  m_ObjectHideFlags: 1
  m_PrefabParentObject: {fileID: 0}
  m_PrefabInternal: {fileID: 100100000}
  m_GameObject: {fileID: 162178}
  m_LocalRotation: {x: 3.44335532e-10, y: -6.64792354e-09, z: .0517266132, w: .99866128}
  m_LocalPosition: {x: -.0334993638, y: 1.41143801e-06, z: 0}
  m_LocalScale: {x: 1, y: 1, z: 1}
  m_Children: []
  m_Father: {fileID: 488088}
  m_RootOrder: 0
--- !u!4 &422624
Transform:
  m_ObjectHideFlags: 1
  m_PrefabParentObject: {fileID: 0}
  m_PrefabInternal: {fileID: 100100000}
  m_GameObject: {fileID: 153138}
  m_LocalRotation: {x: 3.27736649e-20, y: 2.71050543e-20, z: -8.88332142e-40, w: 1}
  m_LocalPosition: {x: -.099999994, y: -1.90734859e-08, z: 4.37085479e-09}
  m_LocalScale: {x: 1, y: 1, z: 1}
  m_Children:
  - {fileID: 478106}
  - {fileID: 444778}
  - {fileID: 454524}
  m_Father: {fileID: 412524}
  m_RootOrder: 0
--- !u!4 &422752
Transform:
  m_ObjectHideFlags: 1
  m_PrefabParentObject: {fileID: 0}
  m_PrefabInternal: {fileID: 100100000}
  m_GameObject: {fileID: 132398}
  m_LocalRotation: {x: -.183012694, y: .683012724, z: .683012724, w: -.183012694}
  m_LocalPosition: {x: .255001485, y: -.508000016, z: -.699999988}
  m_LocalScale: {x: 1, y: 1, z: 1}
  m_Children:
  - {fileID: 412414}
  - {fileID: 404900}
  m_Father: {fileID: 431726}
  m_RootOrder: 5
--- !u!4 &422802
Transform:
  m_ObjectHideFlags: 1
  m_PrefabParentObject: {fileID: 0}
  m_PrefabInternal: {fileID: 100100000}
  m_GameObject: {fileID: 129964}
  m_LocalRotation: {x: .809724689, y: .586809993, z: -2.56502855e-08, w: -3.53941871e-08}
  m_LocalPosition: {x: -.0436869785, y: .0766286552, z: -.011521263}
  m_LocalScale: {x: -1, y: -1, z: -1}
  m_Children:
  - {fileID: 454782}
  m_Father: {fileID: 419278}
  m_RootOrder: 0
--- !u!4 &425812
Transform:
  m_ObjectHideFlags: 1
  m_PrefabParentObject: {fileID: 0}
  m_PrefabInternal: {fileID: 100100000}
  m_GameObject: {fileID: 164216}
  m_LocalRotation: {x: -.361351073, y: .931526363, z: -.0201270301, w: -.03576212}
  m_LocalPosition: {x: .0197996702, y: .00683792122, z: -.0338310711}
  m_LocalScale: {x: .999999821, y: .999999821, z: 1}
  m_Children:
  - {fileID: 403298}
  m_Father: {fileID: 444204}
  m_RootOrder: 1
--- !u!4 &427116
Transform:
  m_ObjectHideFlags: 1
  m_PrefabParentObject: {fileID: 0}
  m_PrefabInternal: {fileID: 100100000}
  m_GameObject: {fileID: 111472}
  m_LocalRotation: {x: 3.27873124e-08, y: 4.52424089e-08, z: .809724748, w: .586809874}
  m_LocalPosition: {x: -.0436870195, y: -.0738713369, z: -.0115212249}
  m_LocalScale: {x: 1, y: 1, z: 1}
  m_Children:
  - {fileID: 447182}
  m_Father: {fileID: 428264}
  m_RootOrder: 1
--- !u!4 &428264
Transform:
  m_ObjectHideFlags: 1
  m_PrefabParentObject: {fileID: 0}
  m_PrefabInternal: {fileID: 100100000}
  m_GameObject: {fileID: 108844}
  m_LocalRotation: {x: 3.27736649e-20, y: 2.71050543e-20, z: -8.88332142e-40, w: 1}
  m_LocalPosition: {x: -.099999994, y: -1.90734859e-08, z: 4.37085479e-09}
  m_LocalScale: {x: 1, y: 1, z: 1}
  m_Children:
  - {fileID: 488808}
  - {fileID: 427116}
  - {fileID: 481434}
  m_Father: {fileID: 489372}
  m_RootOrder: 0
--- !u!4 &431726
Transform:
  m_ObjectHideFlags: 1
  m_PrefabParentObject: {fileID: 0}
  m_PrefabInternal: {fileID: 100100000}
  m_GameObject: {fileID: 195784}
  m_LocalRotation: {x: -.707106829, y: 0, z: 0, w: .707106829}
  m_LocalPosition: {x: 0, y: 0, z: 0}
  m_LocalScale: {x: .611110985, y: .611110985, z: .611110985}
  m_Children:
  - {fileID: 435328}
  - {fileID: 497216}
  - {fileID: 456894}
  - {fileID: 463062}
  - {fileID: 468454}
  - {fileID: 422752}
  m_Father: {fileID: 495094}
  m_RootOrder: 1
--- !u!4 &433810
Transform:
  m_ObjectHideFlags: 1
  m_PrefabParentObject: {fileID: 0}
  m_PrefabInternal: {fileID: 100100000}
  m_GameObject: {fileID: 140382}
  m_LocalRotation: {x: 1.96641976e-19, y: 2.71049671e-20, z: -4.43060543e-07, w: 1}
  m_LocalPosition: {x: -.099999994, y: -1.90734859e-08, z: 4.3713726e-09}
  m_LocalScale: {x: 1, y: 1, z: 1}
  m_Children:
  - {fileID: 450308}
  m_Father: {fileID: 478694}
  m_RootOrder: 0
--- !u!4 &435328
Transform:
  m_ObjectHideFlags: 1
  m_PrefabParentObject: {fileID: 0}
  m_PrefabInternal: {fileID: 100100000}
  m_GameObject: {fileID: 112782}
  m_LocalRotation: {x: .183012784, y: .683012724, z: .683012784, w: .18301262}
  m_LocalPosition: {x: -.318048954, y: -.47299999, z: -.699999988}
  m_LocalScale: {x: 1, y: 1, z: 1}
  m_Children:
  - {fileID: 469930}
  - {fileID: 478694}
  m_Father: {fileID: 431726}
  m_RootOrder: 0
--- !u!4 &437550
Transform:
  m_ObjectHideFlags: 1
  m_PrefabParentObject: {fileID: 0}
  m_PrefabInternal: {fileID: 100100000}
  m_GameObject: {fileID: 125980}
  m_LocalRotation: {x: -.488144845, y: .492586911, z: .520818174, w: .497816384}
  m_LocalPosition: {x: .0184702966, y: .131381974, z: -.0113336127}
  m_LocalScale: {x: .99999994, y: 1, z: 1}
  m_Children:
  - {fileID: 483066}
  m_Father: {fileID: 457026}
  m_RootOrder: 1
--- !u!4 &437742
Transform:
  m_ObjectHideFlags: 1
  m_PrefabParentObject: {fileID: 0}
  m_PrefabInternal: {fileID: 100100000}
  m_GameObject: {fileID: 157528}
  m_LocalRotation: {x: -.707106829, y: 6.18172464e-08, z: 6.18172464e-08, w: .707106829}
  m_LocalPosition: {x: 0, y: 0, z: -2.44379041e-08}
  m_LocalScale: {x: 1, y: 1, z: 1}
  m_Children: []
  m_Father: {fileID: 457026}
  m_RootOrder: 0
--- !u!4 &438614
Transform:
  m_ObjectHideFlags: 1
  m_PrefabParentObject: {fileID: 0}
  m_PrefabInternal: {fileID: 100100000}
  m_GameObject: {fileID: 182438}
  m_LocalRotation: {x: 3.27736584e-20, y: 2.71050608e-20, z: 2.38418579e-07, w: 1}
  m_LocalPosition: {x: -.099999994, y: 0, z: 4.37075798e-09}
  m_LocalScale: {x: 1, y: 1, z: 1}
  m_Children:
  - {fileID: 419278}
  m_Father: {fileID: 472014}
  m_RootOrder: 0
--- !u!4 &439468
Transform:
  m_ObjectHideFlags: 1
  m_PrefabParentObject: {fileID: 0}
  m_PrefabInternal: {fileID: 100100000}
  m_GameObject: {fileID: 172808}
  m_LocalRotation: {x: 0, y: 0, z: 0, w: 1}
  m_LocalPosition: {x: 0, y: 0, z: 0}
  m_LocalScale: {x: .611110985, y: .611110985, z: .611110985}
  m_Children: []
  m_Father: {fileID: 495094}
  m_RootOrder: 2
--- !u!4 &440696
Transform:
  m_ObjectHideFlags: 1
  m_PrefabParentObject: {fileID: 0}
  m_PrefabInternal: {fileID: 100100000}
  m_GameObject: {fileID: 196178}
  m_LocalRotation: {x: -1.54549049e-08, y: 1.54536828e-08, z: -.707106829, w: .707106829}
  m_LocalPosition: {x: -.0220402777, y: .028364908, z: 0}
  m_LocalScale: {x: 1.00000012, y: 1, z: 1.00000012}
  m_Children: []
  m_Father: {fileID: 449958}
  m_RootOrder: 0
--- !u!4 &441634
Transform:
  m_ObjectHideFlags: 1
  m_PrefabParentObject: {fileID: 0}
  m_PrefabInternal: {fileID: 100100000}
  m_GameObject: {fileID: 136640}
  m_LocalRotation: {x: 3.27873124e-08, y: 4.52424089e-08, z: .809724748, w: .586809874}
  m_LocalPosition: {x: -.0436870195, y: -.0738713369, z: -.0115212249}
  m_LocalScale: {x: 1, y: 1, z: 1}
  m_Children:
  - {fileID: 443642}
  m_Father: {fileID: 419278}
  m_RootOrder: 1
--- !u!4 &442508
Transform:
  m_ObjectHideFlags: 1
  m_PrefabParentObject: {fileID: 0}
  m_PrefabInternal: {fileID: 100100000}
  m_GameObject: {fileID: 154252}
  m_LocalRotation: {x: .809724689, y: .586809993, z: -2.56502855e-08, w: -3.53941871e-08}
  m_LocalPosition: {x: -.0436869785, y: .0766286552, z: -.011521263}
  m_LocalScale: {x: -1, y: -1, z: -1}
  m_Children:
  - {fileID: 460336}
  m_Father: {fileID: 413212}
  m_RootOrder: 0
--- !u!4 &443642
Transform:
  m_ObjectHideFlags: 1
  m_PrefabParentObject: {fileID: 0}
  m_PrefabInternal: {fileID: 100100000}
  m_GameObject: {fileID: 102872}
  m_LocalRotation: {x: 3.44335532e-10, y: -6.64792354e-09, z: .0517266132, w: .99866128}
  m_LocalPosition: {x: -.0334993638, y: 1.41143801e-06, z: 0}
  m_LocalScale: {x: 1, y: 1, z: 1}
  m_Children: []
  m_Father: {fileID: 441634}
  m_RootOrder: 0
--- !u!4 &443752
Transform:
  m_ObjectHideFlags: 1
  m_PrefabParentObject: {fileID: 0}
  m_PrefabInternal: {fileID: 100100000}
  m_GameObject: {fileID: 139596}
  m_LocalRotation: {x: .00120402046, y: -.0113811987, z: .160918474, w: .986901343}
  m_LocalPosition: {x: -.0187885854, y: 0, z: -2.38418574e-09}
  m_LocalScale: {x: .999999881, y: .999999881, z: .999999821}
  m_Children: []
  m_Father: {fileID: 459958}
  m_RootOrder: 0
--- !u!4 &444204
Transform:
  m_ObjectHideFlags: 1
  m_PrefabParentObject: {fileID: 0}
  m_PrefabInternal: {fileID: 100100000}
  m_GameObject: {fileID: 168666}
  m_LocalRotation: {x: -.0135126328, y: -.0639907271, z: -.130935475, w: .989231288}
  m_LocalPosition: {x: -.0249052811, y: -3.47542773e-05, z: 3.95774833e-07}
  m_LocalScale: {x: 1.00000012, y: 1.00000012, z: 1}
  m_Children:
  - {fileID: 411372}
  - {fileID: 425812}
  - {fileID: 404574}
  m_Father: {fileID: 483066}
  m_RootOrder: 0
--- !u!4 &444474
Transform:
  m_ObjectHideFlags: 1
  m_PrefabParentObject: {fileID: 0}
  m_PrefabInternal: {fileID: 100100000}
  m_GameObject: {fileID: 155836}
  m_LocalRotation: {x: 3.27736584e-20, y: 2.71050608e-20, z: 2.38418579e-07, w: 1}
  m_LocalPosition: {x: -.099999994, y: 0, z: 4.37075798e-09}
  m_LocalScale: {x: 1, y: 1, z: 1}
  m_Children:
  - {fileID: 413212}
  m_Father: {fileID: 462126}
  m_RootOrder: 0
--- !u!4 &444534
Transform:
  m_ObjectHideFlags: 1
  m_PrefabParentObject: {fileID: 0}
  m_PrefabInternal: {fileID: 100100000}
  m_GameObject: {fileID: 162238}
  m_LocalRotation: {x: 6.84002055e-09, y: 1.51911106e-08, z: .63195622, w: .775004089}
  m_LocalPosition: {x: -.083965376, y: 2.38418574e-09, z: 4.76837148e-09}
  m_LocalScale: {x: 1.00000012, y: 1, z: 1.00000012}
  m_Children:
  - {fileID: 449772}
  m_Father: {fileID: 411372}
  m_RootOrder: 0
--- !u!4 &444778
Transform:
  m_ObjectHideFlags: 1
  m_PrefabParentObject: {fileID: 0}
  m_PrefabInternal: {fileID: 100100000}
  m_GameObject: {fileID: 123522}
  m_LocalRotation: {x: 3.27873124e-08, y: 4.52424089e-08, z: .809724748, w: .586809874}
  m_LocalPosition: {x: -.0436870195, y: -.0738713369, z: -.0115212249}
  m_LocalScale: {x: 1, y: 1, z: 1}
  m_Children:
  - {fileID: 487678}
  m_Father: {fileID: 422624}
  m_RootOrder: 1
--- !u!4 &444972
Transform:
  m_ObjectHideFlags: 1
  m_PrefabParentObject: {fileID: 0}
  m_PrefabInternal: {fileID: 100100000}
  m_GameObject: {fileID: 175368}
  m_LocalRotation: {x: -1.41505714e-08, y: 2.72662941e-08, z: -.749366105, w: .662155926}
  m_LocalPosition: {x: -.0220402777, y: .0283649098, z: 4.76837148e-09}
  m_LocalScale: {x: 1, y: 1.00000012, z: 1}
  m_Children: []
  m_Father: {fileID: 449772}
  m_RootOrder: 0
--- !u!4 &445308
Transform:
  m_ObjectHideFlags: 1
  m_PrefabParentObject: {fileID: 0}
  m_PrefabInternal: {fileID: 100100000}
  m_GameObject: {fileID: 115116}
  m_LocalRotation: {x: 3.27736584e-20, y: 2.71050608e-20, z: 2.38418579e-07, w: 1}
  m_LocalPosition: {x: -.099999994, y: 0, z: 4.37075798e-09}
  m_LocalScale: {x: 1, y: 1, z: 1}
  m_Children:
  - {fileID: 451756}
  m_Father: {fileID: 463196}
  m_RootOrder: 0
--- !u!4 &447182
Transform:
  m_ObjectHideFlags: 1
  m_PrefabParentObject: {fileID: 0}
  m_PrefabInternal: {fileID: 100100000}
  m_GameObject: {fileID: 153656}
  m_LocalRotation: {x: 3.44335532e-10, y: -6.64792354e-09, z: .0517266132, w: .99866128}
  m_LocalPosition: {x: -.0334993638, y: 1.41143801e-06, z: 0}
  m_LocalScale: {x: 1, y: 1, z: 1}
  m_Children: []
  m_Father: {fileID: 427116}
  m_RootOrder: 0
--- !u!4 &449772
Transform:
  m_ObjectHideFlags: 1
  m_PrefabParentObject: {fileID: 0}
  m_PrefabInternal: {fileID: 100100000}
  m_GameObject: {fileID: 177612}
  m_LocalRotation: {x: -.0993134901, y: .00676325569, z: -.152547985, w: .983270168}
  m_LocalPosition: {x: -.0393110514, y: 4.76837148e-09, z: 4.76837148e-09}
  m_LocalScale: {x: .99999994, y: 1, z: 1}
  m_Children:
  - {fileID: 444972}
  m_Father: {fileID: 444534}
  m_RootOrder: 0
--- !u!4 &449958
Transform:
  m_ObjectHideFlags: 1
  m_PrefabParentObject: {fileID: 0}
  m_PrefabInternal: {fileID: 100100000}
  m_GameObject: {fileID: 198822}
  m_LocalRotation: {x: .00194111979, y: .0169888642, z: -.258641601, w: .965822041}
  m_LocalPosition: {x: -.0393110551, y: 3.57627861e-09, z: 0}
  m_LocalScale: {x: 1.00000012, y: .99999994, z: 1}
  m_Children:
  - {fileID: 440696}
  m_Father: {fileID: 403298}
  m_RootOrder: 0
--- !u!4 &450308
Transform:
  m_ObjectHideFlags: 1
  m_PrefabParentObject: {fileID: 0}
  m_PrefabInternal: {fileID: 100100000}
  m_GameObject: {fileID: 150724}
  m_LocalRotation: {x: 3.27736584e-20, y: 2.71050608e-20, z: 2.38418579e-07, w: 1}
  m_LocalPosition: {x: -.099999994, y: 0, z: 4.37075798e-09}
  m_LocalScale: {x: 1, y: 1, z: 1}
  m_Children:
  - {fileID: 470746}
  m_Father: {fileID: 433810}
  m_RootOrder: 0
--- !u!4 &450790
Transform:
  m_ObjectHideFlags: 1
  m_PrefabParentObject: {fileID: 0}
  m_PrefabInternal: {fileID: 100100000}
  m_GameObject: {fileID: 199516}
  m_LocalRotation: {x: 3.44335532e-10, y: -6.64792354e-09, z: .0517266132, w: .99866128}
  m_LocalPosition: {x: -.0334993638, y: 1.41143801e-06, z: 0}
  m_LocalScale: {x: 1, y: 1, z: 1}
  m_Children: []
  m_Father: {fileID: 481546}
  m_RootOrder: 0
--- !u!4 &451558
Transform:
  m_ObjectHideFlags: 1
  m_PrefabParentObject: {fileID: 0}
  m_PrefabInternal: {fileID: 100100000}
  m_GameObject: {fileID: 134730}
  m_LocalRotation: {x: -.185374022, y: .41149646, z: .2162458, w: .865762591}
  m_LocalPosition: {x: -.0403009132, y: 0, z: 0}
  m_LocalScale: {x: 1, y: 1.00000012, z: 1.00000012}
  m_Children:
  - {fileID: 419576}
  m_Father: {fileID: 471566}
  m_RootOrder: 0
--- !u!4 &451756
Transform:
  m_ObjectHideFlags: 1
  m_PrefabParentObject: {fileID: 0}
  m_PrefabInternal: {fileID: 100100000}
  m_GameObject: {fileID: 194966}
  m_LocalRotation: {x: 3.27736649e-20, y: 2.71050543e-20, z: -8.88332142e-40, w: 1}
  m_LocalPosition: {x: -.099999994, y: -1.90734859e-08, z: 4.37085479e-09}
  m_LocalScale: {x: 1, y: 1, z: 1}
  m_Children:
  - {fileID: 486216}
  - {fileID: 488088}
  - {fileID: 404352}
  m_Father: {fileID: 445308}
  m_RootOrder: 0
--- !u!4 &454524
Transform:
  m_ObjectHideFlags: 1
  m_PrefabParentObject: {fileID: 0}
  m_PrefabInternal: {fileID: 100100000}
  m_GameObject: {fileID: 106150}
  m_LocalRotation: {x: 3.27736649e-20, y: 2.71050543e-20, z: -8.88332142e-40, w: 1}
  m_LocalPosition: {x: -.099999994, y: -2.2737367e-15, z: 4.37129399e-09}
  m_LocalScale: {x: 1, y: 1, z: 1}
  m_Children: []
  m_Father: {fileID: 422624}
  m_RootOrder: 2
--- !u!4 &454782
Transform:
  m_ObjectHideFlags: 1
  m_PrefabParentObject: {fileID: 0}
  m_PrefabInternal: {fileID: 100100000}
  m_GameObject: {fileID: 186284}
  m_LocalRotation: {x: 3.44335088e-10, y: -6.64791289e-09, z: .0517266281, w: .99866128}
  m_LocalPosition: {x: -.0334993787, y: 1.33514402e-06, z: 0}
  m_LocalScale: {x: 1, y: 1, z: 1}
  m_Children: []
  m_Father: {fileID: 422802}
  m_RootOrder: 0
--- !u!4 &456490
Transform:
  m_ObjectHideFlags: 1
  m_PrefabParentObject: {fileID: 0}
  m_PrefabInternal: {fileID: 100100000}
  m_GameObject: {fileID: 137436}
  m_LocalRotation: {x: 1.03506494e-07, y: -1.03506096e-07, z: -.707106709, w: .707106888}
  m_LocalPosition: {x: 0, y: 0, z: 0}
  m_LocalScale: {x: 1, y: 1, z: 1}
  m_Children:
  - {fileID: 462126}
  m_Father: {fileID: 468454}
  m_RootOrder: 1
--- !u!4 &456894
Transform:
  m_ObjectHideFlags: 1
  m_PrefabParentObject: {fileID: 0}
  m_PrefabInternal: {fileID: 100100000}
  m_GameObject: {fileID: 126758}
  m_LocalRotation: {x: .500000298, y: -.5, z: -.5, w: .499999762}
  m_LocalPosition: {x: .461447537, y: .00100000005, z: -.699999988}
  m_LocalScale: {x: 1, y: 1, z: 1}
  m_Children:
  - {fileID: 487094}
  - {fileID: 482010}
  m_Father: {fileID: 431726}
  m_RootOrder: 2
--- !u!4 &457026
Transform:
  m_ObjectHideFlags: 1
  m_PrefabParentObject: {fileID: 0}
  m_PrefabInternal: {fileID: 100100000}
  m_GameObject: {fileID: 116508}
  m_LocalRotation: {x: 0, y: 1, z: 0, w: -4.37113883e-08}
  m_LocalPosition: {x: 0, y: 0, z: 0}
  m_LocalScale: {x: .611110985, y: .611110985, z: .611110985}
  m_Children:
  - {fileID: 437742}
  - {fileID: 437550}
  - {fileID: 499050}
  m_Father: {fileID: 495094}
  m_RootOrder: 0
--- !u!4 &459958
Transform:
  m_ObjectHideFlags: 1
  m_PrefabParentObject: {fileID: 0}
  m_PrefabInternal: {fileID: 100100000}
  m_GameObject: {fileID: 176166}
  m_LocalRotation: {x: .000586248352, y: -.000163003453, z: .00345913856, w: .999993861}
  m_LocalPosition: {x: -.0708763525, y: -3.54099284e-05, z: -1.43051144e-08}
  m_LocalScale: {x: .99999994, y: .99999994, z: .99999994}
  m_Children:
  - {fileID: 443752}
  - {fileID: 420616}
  - {fileID: 471566}
  m_Father: {fileID: 404574}
  m_RootOrder: 0
--- !u!4 &460336
Transform:
  m_ObjectHideFlags: 1
  m_PrefabParentObject: {fileID: 0}
  m_PrefabInternal: {fileID: 100100000}
  m_GameObject: {fileID: 180092}
  m_LocalRotation: {x: 3.44335088e-10, y: -6.64791289e-09, z: .0517266281, w: .99866128}
  m_LocalPosition: {x: -.0334993787, y: 1.33514402e-06, z: 0}
  m_LocalScale: {x: 1, y: 1, z: 1}
  m_Children: []
  m_Father: {fileID: 442508}
  m_RootOrder: 0
--- !u!4 &461304
Transform:
  m_ObjectHideFlags: 1
  m_PrefabParentObject: {fileID: 0}
  m_PrefabInternal: {fileID: 100100000}
  m_GameObject: {fileID: 192220}
  m_LocalRotation: {x: 1.96641976e-19, y: 2.71049671e-20, z: -4.43060543e-07, w: 1}
  m_LocalPosition: {x: -.099999994, y: -1.90734859e-08, z: 4.3713726e-09}
  m_LocalScale: {x: 1, y: 1, z: 1}
  m_Children:
  - {fileID: 489372}
  m_Father: {fileID: 404900}
  m_RootOrder: 0
--- !u!4 &462126
Transform:
  m_ObjectHideFlags: 1
  m_PrefabParentObject: {fileID: 0}
  m_PrefabInternal: {fileID: 100100000}
  m_GameObject: {fileID: 193398}
  m_LocalRotation: {x: 1.96641976e-19, y: 2.71049671e-20, z: -4.43060543e-07, w: 1}
  m_LocalPosition: {x: -.099999994, y: -1.90734859e-08, z: 4.3713726e-09}
  m_LocalScale: {x: 1, y: 1, z: 1}
  m_Children:
  - {fileID: 444474}
  m_Father: {fileID: 456490}
  m_RootOrder: 0
--- !u!4 &462426
Transform:
  m_ObjectHideFlags: 1
  m_PrefabParentObject: {fileID: 0}
  m_PrefabInternal: {fileID: 100100000}
  m_GameObject: {fileID: 135110}
  m_LocalRotation: {x: 3.44335088e-10, y: -6.64791289e-09, z: .0517266281, w: .99866128}
  m_LocalPosition: {x: -.0334993787, y: 1.33514402e-06, z: 0}
  m_LocalScale: {x: 1, y: 1, z: 1}
  m_Children: []
  m_Father: {fileID: 478106}
  m_RootOrder: 0
--- !u!4 &463062
Transform:
  m_ObjectHideFlags: 1
  m_PrefabParentObject: {fileID: 0}
  m_PrefabInternal: {fileID: 100100000}
  m_GameObject: {fileID: 171514}
  m_LocalRotation: {x: .683012784, y: -.183012694, z: -.183012709, w: .683012605}
  m_LocalPosition: {x: .282546073, y: .5, z: -.699999988}
  m_LocalScale: {x: 1, y: 1, z: 1}
  m_Children:
  - {fileID: 483542}
  - {fileID: 474882}
  m_Father: {fileID: 431726}
  m_RootOrder: 3
--- !u!4 &463196
Transform:
  m_ObjectHideFlags: 1
  m_PrefabParentObject: {fileID: 0}
  m_PrefabInternal: {fileID: 100100000}
  m_GameObject: {fileID: 134266}
  m_LocalRotation: {x: 1.96641976e-19, y: 2.71049671e-20, z: -4.43060543e-07, w: 1}
  m_LocalPosition: {x: -.099999994, y: -1.90734859e-08, z: 4.3713726e-09}
  m_LocalScale: {x: 1, y: 1, z: 1}
  m_Children:
  - {fileID: 445308}
  m_Father: {fileID: 482010}
  m_RootOrder: 0
--- !u!4 &468454
Transform:
  m_ObjectHideFlags: 1
  m_PrefabParentObject: {fileID: 0}
  m_PrefabInternal: {fileID: 100100000}
  m_GameObject: {fileID: 160348}
  m_LocalRotation: {x: .683012724, y: .183012694, z: .183012694, w: .683012724}
  m_LocalPosition: {x: -.278550476, y: .486000001, z: -.699999988}
  m_LocalScale: {x: 1, y: 1, z: 1}
  m_Children:
  - {fileID: 409966}
  - {fileID: 456490}
  m_Father: {fileID: 431726}
  m_RootOrder: 4
--- !u!4 &469930
Transform:
  m_ObjectHideFlags: 1
  m_PrefabParentObject: {fileID: 0}
  m_PrefabInternal: {fileID: 100100000}
  m_GameObject: {fileID: 111102}
  m_LocalRotation: {x: -.707106829, y: 0, z: -0, w: .707106829}
  m_LocalPosition: {x: 0, y: 0, z: 0}
  m_LocalScale: {x: 1, y: 1, z: 1}
  m_Children: []
  m_Father: {fileID: 435328}
  m_RootOrder: 0
--- !u!4 &470746
Transform:
  m_ObjectHideFlags: 1
  m_PrefabParentObject: {fileID: 0}
  m_PrefabInternal: {fileID: 100100000}
  m_GameObject: {fileID: 170382}
  m_LocalRotation: {x: 3.27736649e-20, y: 2.71050543e-20, z: -8.88332142e-40, w: 1}
  m_LocalPosition: {x: -.099999994, y: -1.90734859e-08, z: 4.37085479e-09}
  m_LocalScale: {x: 1, y: 1, z: 1}
  m_Children:
  - {fileID: 470856}
  - {fileID: 481546}
  - {fileID: 499328}
  m_Father: {fileID: 450308}
  m_RootOrder: 0
--- !u!4 &470856
Transform:
  m_ObjectHideFlags: 1
  m_PrefabParentObject: {fileID: 0}
  m_PrefabInternal: {fileID: 100100000}
  m_GameObject: {fileID: 143446}
  m_LocalRotation: {x: .809724689, y: .586809993, z: -2.56502855e-08, w: -3.53941871e-08}
  m_LocalPosition: {x: -.0436869785, y: .0766286552, z: -.011521263}
  m_LocalScale: {x: -1, y: -1, z: -1}
  m_Children:
  - {fileID: 497048}
  m_Father: {fileID: 470746}
  m_RootOrder: 0
--- !u!4 &471566
Transform:
  m_ObjectHideFlags: 1
  m_PrefabParentObject: {fileID: 0}
  m_PrefabInternal: {fileID: 100100000}
  m_GameObject: {fileID: 123072}
  m_LocalRotation: {x: .789429903, y: .0351160467, z: .610765278, w: .0503303297}
  m_LocalPosition: {x: .0256552305, y: -.000159244533, z: -.0146452542}
  m_LocalScale: {x: .999999881, y: .999999821, z: .999999881}
  m_Children:
  - {fileID: 451558}
  m_Father: {fileID: 459958}
  m_RootOrder: 2
--- !u!4 &472014
Transform:
  m_ObjectHideFlags: 1
  m_PrefabParentObject: {fileID: 0}
  m_PrefabInternal: {fileID: 100100000}
  m_GameObject: {fileID: 190110}
  m_LocalRotation: {x: 1.96641976e-19, y: 2.71049671e-20, z: -4.43060543e-07, w: 1}
  m_LocalPosition: {x: -.099999994, y: -1.90734859e-08, z: 4.3713726e-09}
  m_LocalScale: {x: 1, y: 1, z: 1}
  m_Children:
  - {fileID: 438614}
  m_Father: {fileID: 401454}
  m_RootOrder: 0
--- !u!4 &473266
Transform:
  m_ObjectHideFlags: 1
  m_PrefabParentObject: {fileID: 0}
  m_PrefabInternal: {fileID: 100100000}
  m_GameObject: {fileID: 184966}
  m_LocalRotation: {x: 3.27736649e-20, y: 2.71050543e-20, z: -8.88332142e-40, w: 1}
  m_LocalPosition: {x: -.099999994, y: -2.2737367e-15, z: 4.37129399e-09}
  m_LocalScale: {x: 1, y: 1, z: 1}
  m_Children: []
  m_Father: {fileID: 419278}
  m_RootOrder: 2
--- !u!4 &474012
Transform:
  m_ObjectHideFlags: 1
  m_PrefabParentObject: {fileID: 0}
  m_PrefabInternal: {fileID: 100100000}
  m_GameObject: {fileID: 188840}
  m_LocalRotation: {x: .728929698, y: .0576327965, z: .112477459, w: .672821522}
  m_LocalPosition: {x: -.0493198298, y: 0, z: 0}
  m_LocalScale: {x: .999999881, y: 1, z: 1.00000012}
  m_Children: []
  m_Father: {fileID: 419576}
  m_RootOrder: 0
--- !u!4 &474040
Transform:
  m_ObjectHideFlags: 1
  m_PrefabParentObject: {fileID: 0}
  m_PrefabInternal: {fileID: 100100000}
  m_GameObject: {fileID: 160096}
  m_LocalRotation: {x: 3.44335532e-10, y: -6.64792354e-09, z: .0517266132, w: .99866128}
  m_LocalPosition: {x: -.0334993638, y: 1.41143801e-06, z: 0}
  m_LocalScale: {x: 1, y: 1, z: 1}
  m_Children: []
  m_Father: {fileID: 418674}
  m_RootOrder: 0
--- !u!4 &474882
Transform:
  m_ObjectHideFlags: 1
  m_PrefabParentObject: {fileID: 0}
  m_PrefabInternal: {fileID: 100100000}
  m_GameObject: {fileID: 103040}
  m_LocalRotation: {x: 1.03506494e-07, y: -1.03506096e-07, z: -.707106709, w: .707106888}
  m_LocalPosition: {x: 0, y: 0, z: 0}
  m_LocalScale: {x: 1, y: 1, z: 1}
  m_Children:
  - {fileID: 490756}
  m_Father: {fileID: 463062}
  m_RootOrder: 1
--- !u!4 &478106
Transform:
  m_ObjectHideFlags: 1
  m_PrefabParentObject: {fileID: 0}
  m_PrefabInternal: {fileID: 100100000}
  m_GameObject: {fileID: 132786}
  m_LocalRotation: {x: .809724689, y: .586809993, z: -2.56502855e-08, w: -3.53941871e-08}
  m_LocalPosition: {x: -.0436869785, y: .0766286552, z: -.011521263}
  m_LocalScale: {x: -1, y: -1, z: -1}
  m_Children:
  - {fileID: 462426}
  m_Father: {fileID: 422624}
  m_RootOrder: 0
--- !u!4 &478694
Transform:
  m_ObjectHideFlags: 1
  m_PrefabParentObject: {fileID: 0}
  m_PrefabInternal: {fileID: 100100000}
  m_GameObject: {fileID: 178704}
  m_LocalRotation: {x: 1.03506494e-07, y: -1.03506096e-07, z: -.707106709, w: .707106888}
  m_LocalPosition: {x: 0, y: 0, z: 0}
  m_LocalScale: {x: 1, y: 1, z: 1}
  m_Children:
  - {fileID: 433810}
  m_Father: {fileID: 435328}
  m_RootOrder: 1
--- !u!4 &481434
Transform:
  m_ObjectHideFlags: 1
  m_PrefabParentObject: {fileID: 0}
  m_PrefabInternal: {fileID: 100100000}
  m_GameObject: {fileID: 185962}
  m_LocalRotation: {x: 3.27736649e-20, y: 2.71050543e-20, z: -8.88332142e-40, w: 1}
  m_LocalPosition: {x: -.099999994, y: -2.2737367e-15, z: 4.37129399e-09}
  m_LocalScale: {x: 1, y: 1, z: 1}
  m_Children: []
  m_Father: {fileID: 428264}
  m_RootOrder: 2
--- !u!4 &481546
Transform:
  m_ObjectHideFlags: 1
  m_PrefabParentObject: {fileID: 0}
  m_PrefabInternal: {fileID: 100100000}
  m_GameObject: {fileID: 164200}
  m_LocalRotation: {x: 3.27873124e-08, y: 4.52424089e-08, z: .809724748, w: .586809874}
  m_LocalPosition: {x: -.0436870195, y: -.0738713369, z: -.0115212249}
  m_LocalScale: {x: 1, y: 1, z: 1}
  m_Children:
  - {fileID: 450790}
  m_Father: {fileID: 470746}
  m_RootOrder: 1
--- !u!4 &482010
Transform:
  m_ObjectHideFlags: 1
  m_PrefabParentObject: {fileID: 0}
  m_PrefabInternal: {fileID: 100100000}
  m_GameObject: {fileID: 108660}
  m_LocalRotation: {x: 1.03506494e-07, y: -1.03506096e-07, z: -.707106709, w: .707106888}
  m_LocalPosition: {x: 0, y: 0, z: 0}
  m_LocalScale: {x: 1, y: 1, z: 1}
  m_Children:
  - {fileID: 463196}
  m_Father: {fileID: 456894}
  m_RootOrder: 1
--- !u!4 &483066
Transform:
  m_ObjectHideFlags: 1
  m_PrefabParentObject: {fileID: 0}
  m_PrefabInternal: {fileID: 100100000}
  m_GameObject: {fileID: 197832}
  m_LocalRotation: {x: -.5, y: .5, z: .499999315, w: .500000715}
  m_LocalPosition: {x: 0, y: 0, z: 0}
  m_LocalScale: {x: 1, y: 1, z: 1}
  m_Children:
  - {fileID: 444204}
  m_Father: {fileID: 437550}
  m_RootOrder: 0
--- !u!4 &483542
Transform:
  m_ObjectHideFlags: 1
  m_PrefabParentObject: {fileID: 0}
  m_PrefabInternal: {fileID: 100100000}
  m_GameObject: {fileID: 197776}
  m_LocalRotation: {x: -.707106829, y: 0, z: -0, w: .707106829}
  m_LocalPosition: {x: 0, y: 0, z: 0}
  m_LocalScale: {x: 1, y: 1, z: 1}
  m_Children: []
  m_Father: {fileID: 463062}
  m_RootOrder: 0
--- !u!4 &484968
Transform:
  m_ObjectHideFlags: 1
  m_PrefabParentObject: {fileID: 0}
  m_PrefabInternal: {fileID: 100100000}
  m_GameObject: {fileID: 186990}
  m_LocalRotation: {x: .0740454569, y: -.489110172, z: .194257155, w: .84708482}
  m_LocalPosition: {x: -.040300902, y: 0, z: 1.90734859e-08}
  m_LocalScale: {x: .99999994, y: .99999994, z: .999999881}
  m_Children:
  - {fileID: 497284}
  m_Father: {fileID: 420616}
  m_RootOrder: 0
--- !u!4 &486216
Transform:
  m_ObjectHideFlags: 1
  m_PrefabParentObject: {fileID: 0}
  m_PrefabInternal: {fileID: 100100000}
  m_GameObject: {fileID: 105314}
  m_LocalRotation: {x: .809724689, y: .586809993, z: -2.56502855e-08, w: -3.53941871e-08}
  m_LocalPosition: {x: -.0436869785, y: .0766286552, z: -.011521263}
  m_LocalScale: {x: -1, y: -1, z: -1}
  m_Children:
  - {fileID: 402410}
  m_Father: {fileID: 451756}
  m_RootOrder: 0
--- !u!4 &487094
Transform:
  m_ObjectHideFlags: 1
  m_PrefabParentObject: {fileID: 0}
  m_PrefabInternal: {fileID: 100100000}
  m_GameObject: {fileID: 100564}
  m_LocalRotation: {x: -.707106829, y: 0, z: -0, w: .707106829}
  m_LocalPosition: {x: 0, y: 0, z: 0}
  m_LocalScale: {x: 1, y: 1, z: 1}
  m_Children: []
  m_Father: {fileID: 456894}
  m_RootOrder: 0
--- !u!4 &487678
Transform:
  m_ObjectHideFlags: 1
  m_PrefabParentObject: {fileID: 0}
  m_PrefabInternal: {fileID: 100100000}
  m_GameObject: {fileID: 106360}
  m_LocalRotation: {x: 3.44335532e-10, y: -6.64792354e-09, z: .0517266132, w: .99866128}
  m_LocalPosition: {x: -.0334993638, y: 1.41143801e-06, z: 0}
  m_LocalScale: {x: 1, y: 1, z: 1}
  m_Children: []
  m_Father: {fileID: 444778}
  m_RootOrder: 0
--- !u!4 &488088
Transform:
  m_ObjectHideFlags: 1
  m_PrefabParentObject: {fileID: 0}
  m_PrefabInternal: {fileID: 100100000}
  m_GameObject: {fileID: 125190}
  m_LocalRotation: {x: 3.27873124e-08, y: 4.52424089e-08, z: .809724748, w: .586809874}
  m_LocalPosition: {x: -.0436870195, y: -.0738713369, z: -.0115212249}
  m_LocalScale: {x: 1, y: 1, z: 1}
  m_Children:
  - {fileID: 422148}
  m_Father: {fileID: 451756}
  m_RootOrder: 1
--- !u!4 &488808
Transform:
  m_ObjectHideFlags: 1
  m_PrefabParentObject: {fileID: 0}
  m_PrefabInternal: {fileID: 100100000}
  m_GameObject: {fileID: 152276}
  m_LocalRotation: {x: .809724689, y: .586809993, z: -2.56502855e-08, w: -3.53941871e-08}
  m_LocalPosition: {x: -.0436869785, y: .0766286552, z: -.011521263}
  m_LocalScale: {x: -1, y: -1, z: -1}
  m_Children:
  - {fileID: 492376}
  m_Father: {fileID: 428264}
  m_RootOrder: 0
--- !u!4 &489372
Transform:
  m_ObjectHideFlags: 1
  m_PrefabParentObject: {fileID: 0}
  m_PrefabInternal: {fileID: 100100000}
  m_GameObject: {fileID: 181786}
  m_LocalRotation: {x: 3.27736584e-20, y: 2.71050608e-20, z: 2.38418579e-07, w: 1}
  m_LocalPosition: {x: -.099999994, y: 0, z: 4.37075798e-09}
  m_LocalScale: {x: 1, y: 1, z: 1}
  m_Children:
  - {fileID: 428264}
  m_Father: {fileID: 461304}
  m_RootOrder: 0
--- !u!4 &490756
Transform:
  m_ObjectHideFlags: 1
  m_PrefabParentObject: {fileID: 0}
  m_PrefabInternal: {fileID: 100100000}
  m_GameObject: {fileID: 175884}
  m_LocalRotation: {x: 1.96641976e-19, y: 2.71049671e-20, z: -4.43060543e-07, w: 1}
  m_LocalPosition: {x: -.099999994, y: -1.90734859e-08, z: 4.3713726e-09}
  m_LocalScale: {x: 1, y: 1, z: 1}
  m_Children:
  - {fileID: 412524}
  m_Father: {fileID: 474882}
  m_RootOrder: 0
--- !u!4 &492376
Transform:
  m_ObjectHideFlags: 1
  m_PrefabParentObject: {fileID: 0}
  m_PrefabInternal: {fileID: 100100000}
  m_GameObject: {fileID: 129868}
  m_LocalRotation: {x: 3.44335088e-10, y: -6.64791289e-09, z: .0517266281, w: .99866128}
  m_LocalPosition: {x: -.0334993787, y: 1.33514402e-06, z: 0}
  m_LocalScale: {x: 1, y: 1, z: 1}
  m_Children: []
  m_Father: {fileID: 488808}
  m_RootOrder: 0
--- !u!4 &495094
Transform:
  m_ObjectHideFlags: 1
  m_PrefabParentObject: {fileID: 0}
  m_PrefabInternal: {fileID: 100100000}
  m_GameObject: {fileID: 179720}
  m_LocalRotation: {x: 0, y: 0, z: 0, w: 1}
  m_LocalPosition: {x: 0, y: 0, z: 0}
  m_LocalScale: {x: 1.63636398, y: 1.63636398, z: 1.63636398}
  m_Children:
  - {fileID: 457026}
  - {fileID: 431726}
  - {fileID: 439468}
  m_Father: {fileID: 0}
  m_RootOrder: 0
--- !u!4 &497048
Transform:
  m_ObjectHideFlags: 1
  m_PrefabParentObject: {fileID: 0}
  m_PrefabInternal: {fileID: 100100000}
  m_GameObject: {fileID: 155724}
  m_LocalRotation: {x: 3.44335088e-10, y: -6.64791289e-09, z: .0517266281, w: .99866128}
  m_LocalPosition: {x: -.0334993787, y: 1.33514402e-06, z: 0}
  m_LocalScale: {x: 1, y: 1, z: 1}
  m_Children: []
  m_Father: {fileID: 470856}
  m_RootOrder: 0
--- !u!4 &497216
Transform:
  m_ObjectHideFlags: 1
  m_PrefabParentObject: {fileID: 0}
  m_PrefabInternal: {fileID: 100100000}
  m_GameObject: {fileID: 125248}
  m_LocalRotation: {x: .50000006, y: .49999994, z: .50000006, w: .49999994}
  m_LocalPosition: {x: -.484915167, y: .00100000005, z: -.699999988}
  m_LocalScale: {x: 1, y: 1, z: 1}
  m_Children:
  - {fileID: 409494}
  - {fileID: 401454}
  m_Father: {fileID: 431726}
  m_RootOrder: 1
--- !u!4 &497284
Transform:
  m_ObjectHideFlags: 1
  m_PrefabParentObject: {fileID: 0}
  m_PrefabInternal: {fileID: 100100000}
  m_GameObject: {fileID: 140974}
  m_LocalRotation: {x: 1.96329601e-08, y: -2.59370108e-08, z: .233351037, w: .972392559}
  m_LocalPosition: {x: -.0492975712, y: 4.76837148e-09, z: 0}
  m_LocalScale: {x: .999999821, y: .99999994, z: 1}
  m_Children:
  - {fileID: 421652}
  m_Father: {fileID: 484968}
  m_RootOrder: 0
--- !u!4 &499050
Transform:
  m_ObjectHideFlags: 1
  m_PrefabParentObject: {fileID: 0}
  m_PrefabInternal: {fileID: 100100000}
  m_GameObject: {fileID: 116042}
  m_LocalRotation: {x: -.707106829, y: 0, z: -0, w: .707106829}
  m_LocalPosition: {x: -4.17232515e-09, y: 0, z: 0}
  m_LocalScale: {x: 1, y: 1, z: 1}
  m_Children: []
  m_Father: {fileID: 457026}
  m_RootOrder: 2
--- !u!4 &499328
Transform:
  m_ObjectHideFlags: 1
  m_PrefabParentObject: {fileID: 0}
  m_PrefabInternal: {fileID: 100100000}
  m_GameObject: {fileID: 147462}
  m_LocalRotation: {x: 3.27736649e-20, y: 2.71050543e-20, z: -8.88332142e-40, w: 1}
  m_LocalPosition: {x: -.099999994, y: -2.2737367e-15, z: 4.37129399e-09}
  m_LocalScale: {x: 1, y: 1, z: 1}
  m_Children: []
  m_Father: {fileID: 470746}
  m_RootOrder: 2
--- !u!23 &2357366
MeshRenderer:
  m_ObjectHideFlags: 1
  m_PrefabParentObject: {fileID: 0}
  m_PrefabInternal: {fileID: 100100000}
  m_GameObject: {fileID: 195784}
  m_Enabled: 1
  m_CastShadows: 1
  m_ReceiveShadows: 1
  m_Materials:
  - {fileID: 2100000, guid: 7e23307cccf61e643b2aa843d5b7c58f, type: 2}
  m_SubsetIndices: 
  m_StaticBatchRoot: {fileID: 0}
  m_UseLightProbes: 1
  m_ReflectionProbeUsage: 1
  m_ProbeAnchor: {fileID: 0}
  m_ScaleInLightmap: 1
  m_PreserveUVs: 0
  m_ImportantGI: 0
  m_AutoUVMaxDistance: .5
  m_AutoUVMaxAngle: 89
  m_LightmapParameters: {fileID: 0}
  m_SortingLayerID: 0
  m_SortingOrder: 0
--- !u!33 &3310954
MeshFilter:
  m_ObjectHideFlags: 1
  m_PrefabParentObject: {fileID: 0}
  m_PrefabInternal: {fileID: 100100000}
  m_GameObject: {fileID: 195784}
  m_Mesh: {fileID: 4300004, guid: be9b88117a530dc4ea960b89d0d8f44b, type: 3}
--- !u!65 &6541010
BoxCollider:
  m_ObjectHideFlags: 1
  m_PrefabParentObject: {fileID: 0}
  m_PrefabInternal: {fileID: 100100000}
  m_GameObject: {fileID: 112782}
  m_Material: {fileID: 0}
  m_IsTrigger: 0
  m_Enabled: 1
  serializedVersion: 2
  m_Size: {x: .200000003, y: .400000006, z: .200000003}
  m_Center: {x: 0, y: .219999999, z: 0}
--- !u!65 &6556548
BoxCollider:
  m_ObjectHideFlags: 1
  m_PrefabParentObject: {fileID: 0}
  m_PrefabInternal: {fileID: 100100000}
  m_GameObject: {fileID: 132398}
  m_Material: {fileID: 0}
  m_IsTrigger: 0
  m_Enabled: 1
  serializedVersion: 2
  m_Size: {x: .200000003, y: .400000006, z: .200000003}
  m_Center: {x: 0, y: .219999999, z: 0}
--- !u!65 &6567224
BoxCollider:
  m_ObjectHideFlags: 1
  m_PrefabParentObject: {fileID: 0}
  m_PrefabInternal: {fileID: 100100000}
  m_GameObject: {fileID: 171514}
  m_Material: {fileID: 0}
  m_IsTrigger: 0
  m_Enabled: 1
  serializedVersion: 2
  m_Size: {x: .200000003, y: .400000006, z: .200000003}
  m_Center: {x: 0, y: .219999999, z: 0}
--- !u!65 &6585468
BoxCollider:
  m_ObjectHideFlags: 1
  m_PrefabParentObject: {fileID: 0}
  m_PrefabInternal: {fileID: 100100000}
  m_GameObject: {fileID: 126758}
  m_Material: {fileID: 0}
  m_IsTrigger: 0
  m_Enabled: 1
  serializedVersion: 2
  m_Size: {x: .200000003, y: .400000006, z: .200000003}
  m_Center: {x: 0, y: .219999999, z: 0}
--- !u!65 &6587788
BoxCollider:
  m_ObjectHideFlags: 1
  m_PrefabParentObject: {fileID: 0}
  m_PrefabInternal: {fileID: 100100000}
  m_GameObject: {fileID: 160348}
  m_Material: {fileID: 0}
  m_IsTrigger: 0
  m_Enabled: 1
  serializedVersion: 2
  m_Size: {x: .200000003, y: .400000006, z: .200000003}
  m_Center: {x: 0, y: .219999999, z: 0}
--- !u!65 &6593262
BoxCollider:
  m_ObjectHideFlags: 1
  m_PrefabParentObject: {fileID: 0}
  m_PrefabInternal: {fileID: 100100000}
  m_GameObject: {fileID: 125248}
  m_Material: {fileID: 0}
  m_IsTrigger: 0
  m_Enabled: 1
  serializedVersion: 2
  m_Size: {x: .200000003, y: .400000006, z: .200000003}
  m_Center: {x: 0, y: .219999999, z: 0}
--- !u!111 &11128654
Animation:
  m_ObjectHideFlags: 1
  m_PrefabParentObject: {fileID: 0}
  m_PrefabInternal: {fileID: 100100000}
  m_GameObject: {fileID: 116508}
  m_Enabled: 1
  serializedVersion: 3
  m_Animation: {fileID: 7400000, guid: bba2beb2111287148bafa55885cd104b, type: 3}
  m_Animations:
  - {fileID: 7400000, guid: bba2beb2111287148bafa55885cd104b, type: 3}
  m_WrapMode: 0
  m_PlayAutomatically: 1
  m_AnimatePhysics: 0
  m_CullingType: 1
--- !u!111 &11160402
Animation:
  m_ObjectHideFlags: 1
  m_PrefabParentObject: {fileID: 0}
  m_PrefabInternal: {fileID: 100100000}
  m_GameObject: {fileID: 171514}
  m_Enabled: 1
  serializedVersion: 3
  m_Animation: {fileID: 7400000, guid: 52ac613f8ab29f441ae13c4fe2ad5934, type: 3}
  m_Animations:
  - {fileID: 7400000, guid: 52ac613f8ab29f441ae13c4fe2ad5934, type: 3}
  m_WrapMode: 0
  m_PlayAutomatically: 1
  m_AnimatePhysics: 0
  m_CullingType: 1
--- !u!111 &11171974
Animation:
  m_ObjectHideFlags: 1
  m_PrefabParentObject: {fileID: 0}
  m_PrefabInternal: {fileID: 100100000}
  m_GameObject: {fileID: 125248}
  m_Enabled: 1
  serializedVersion: 3
  m_Animation: {fileID: 7400000, guid: 52ac613f8ab29f441ae13c4fe2ad5934, type: 3}
  m_Animations:
  - {fileID: 7400000, guid: 52ac613f8ab29f441ae13c4fe2ad5934, type: 3}
  m_WrapMode: 0
  m_PlayAutomatically: 1
  m_AnimatePhysics: 0
  m_CullingType: 1
--- !u!111 &11173110
Animation:
  m_ObjectHideFlags: 1
  m_PrefabParentObject: {fileID: 0}
  m_PrefabInternal: {fileID: 100100000}
  m_GameObject: {fileID: 160348}
  m_Enabled: 1
  serializedVersion: 3
  m_Animation: {fileID: 7400000, guid: 52ac613f8ab29f441ae13c4fe2ad5934, type: 3}
  m_Animations:
  - {fileID: 7400000, guid: 52ac613f8ab29f441ae13c4fe2ad5934, type: 3}
  m_WrapMode: 0
  m_PlayAutomatically: 1
  m_AnimatePhysics: 0
  m_CullingType: 1
--- !u!111 &11176272
Animation:
  m_ObjectHideFlags: 1
  m_PrefabParentObject: {fileID: 0}
  m_PrefabInternal: {fileID: 100100000}
  m_GameObject: {fileID: 112782}
  m_Enabled: 1
  serializedVersion: 3
  m_Animation: {fileID: 7400000, guid: 52ac613f8ab29f441ae13c4fe2ad5934, type: 3}
  m_Animations:
  - {fileID: 7400000, guid: 52ac613f8ab29f441ae13c4fe2ad5934, type: 3}
  m_WrapMode: 0
  m_PlayAutomatically: 1
  m_AnimatePhysics: 0
  m_CullingType: 1
--- !u!111 &11181426
Animation:
  m_ObjectHideFlags: 1
  m_PrefabParentObject: {fileID: 0}
  m_PrefabInternal: {fileID: 100100000}
  m_GameObject: {fileID: 126758}
  m_Enabled: 1
  serializedVersion: 3
  m_Animation: {fileID: 7400000, guid: 52ac613f8ab29f441ae13c4fe2ad5934, type: 3}
  m_Animations:
  - {fileID: 7400000, guid: 52ac613f8ab29f441ae13c4fe2ad5934, type: 3}
  m_WrapMode: 0
  m_PlayAutomatically: 1
  m_AnimatePhysics: 0
  m_CullingType: 1
--- !u!111 &11182686
Animation:
  m_ObjectHideFlags: 1
  m_PrefabParentObject: {fileID: 0}
  m_PrefabInternal: {fileID: 100100000}
  m_GameObject: {fileID: 132398}
  m_Enabled: 1
  serializedVersion: 3
  m_Animation: {fileID: 7400000, guid: 52ac613f8ab29f441ae13c4fe2ad5934, type: 3}
  m_Animations:
  - {fileID: 7400000, guid: 52ac613f8ab29f441ae13c4fe2ad5934, type: 3}
  m_WrapMode: 0
  m_PlayAutomatically: 1
  m_AnimatePhysics: 0
  m_CullingType: 1
--- !u!114 &11408016
MonoBehaviour:
  m_ObjectHideFlags: 1
  m_PrefabParentObject: {fileID: 0}
  m_PrefabInternal: {fileID: 100100000}
  m_GameObject: {fileID: 112782}
  m_Enabled: 1
  m_EditorHideFlags: 0
  m_Script: {fileID: 11500000, guid: 5b5f7692a3a07f346bed4ad2915eb02e, type: 3}
  m_Name: 
  m_EditorClassIdentifier: 
  swipped: 0
  appearTime: 1
  dissapearTime: 2
  ReadyToSwipe: 0
--- !u!114 &11409606
MonoBehaviour:
  m_ObjectHideFlags: 1
  m_PrefabParentObject: {fileID: 0}
  m_PrefabInternal: {fileID: 100100000}
  m_GameObject: {fileID: 132398}
  m_Enabled: 1
  m_EditorHideFlags: 0
  m_Script: {fileID: 11500000, guid: 5b5f7692a3a07f346bed4ad2915eb02e, type: 3}
  m_Name: 
  m_EditorClassIdentifier: 
  swipped: 0
  appearTime: 1
  dissapearTime: 2
  ReadyToSwipe: 0
--- !u!114 &11419718
MonoBehaviour:
  m_ObjectHideFlags: 1
  m_PrefabParentObject: {fileID: 0}
  m_PrefabInternal: {fileID: 100100000}
  m_GameObject: {fileID: 125248}
  m_Enabled: 1
  m_EditorHideFlags: 0
  m_Script: {fileID: 11500000, guid: 67719e372b21b3c41a58d0a465c39b23, type: 3}
  m_Name: 
  m_EditorClassIdentifier: 
--- !u!114 &11422238
MonoBehaviour:
  m_ObjectHideFlags: 1
  m_PrefabParentObject: {fileID: 0}
  m_PrefabInternal: {fileID: 100100000}
  m_GameObject: {fileID: 172808}
  m_Enabled: 1
  m_EditorHideFlags: 0
  m_Script: {fileID: 11500000, guid: 209043963c76fb5418ddbfc6a542058c, type: 3}
  m_Name: 
  m_EditorClassIdentifier: 
  Score: 0
  textScore: {fileID: 0}
--- !u!114 &11430866
MonoBehaviour:
  m_ObjectHideFlags: 1
  m_PrefabParentObject: {fileID: 0}
  m_PrefabInternal: {fileID: 100100000}
  m_GameObject: {fileID: 126758}
  m_Enabled: 1
  m_EditorHideFlags: 0
  m_Script: {fileID: 11500000, guid: 5b5f7692a3a07f346bed4ad2915eb02e, type: 3}
  m_Name: 
  m_EditorClassIdentifier: 
  swipped: 0
  appearTime: 1
  dissapearTime: 2
  ReadyToSwipe: 0
--- !u!114 &11435220
MonoBehaviour:
  m_ObjectHideFlags: 1
  m_PrefabParentObject: {fileID: 0}
  m_PrefabInternal: {fileID: 100100000}
  m_GameObject: {fileID: 160348}
  m_Enabled: 1
  m_EditorHideFlags: 0
  m_Script: {fileID: 11500000, guid: 67719e372b21b3c41a58d0a465c39b23, type: 3}
  m_Name: 
  m_EditorClassIdentifier: 
--- !u!114 &11436298
MonoBehaviour:
  m_ObjectHideFlags: 1
  m_PrefabParentObject: {fileID: 0}
  m_PrefabInternal: {fileID: 100100000}
  m_GameObject: {fileID: 125248}
  m_Enabled: 1
  m_EditorHideFlags: 0
  m_Script: {fileID: 11500000, guid: 5b5f7692a3a07f346bed4ad2915eb02e, type: 3}
  m_Name: 
  m_EditorClassIdentifier: 
  swipped: 0
  appearTime: 1
  dissapearTime: 2
  ReadyToSwipe: 0
--- !u!114 &11442082
MonoBehaviour:
  m_ObjectHideFlags: 1
  m_PrefabParentObject: {fileID: 0}
  m_PrefabInternal: {fileID: 100100000}
  m_GameObject: {fileID: 172808}
  m_Enabled: 1
  m_EditorHideFlags: 0
  m_Script: {fileID: 11500000, guid: 18feac889c9935048a4f600aa823a896, type: 3}
  m_Name: 
  m_EditorClassIdentifier: 
  upPosition: -.150000006
  downPosition: -.699999988
  appearMin: 0
  appearMax: 1
  DelayMin: 2
  DelayMax: 5
--- !u!114 &11454984
MonoBehaviour:
  m_ObjectHideFlags: 1
  m_PrefabParentObject: {fileID: 0}
  m_PrefabInternal: {fileID: 100100000}
  m_GameObject: {fileID: 126758}
  m_Enabled: 1
  m_EditorHideFlags: 0
  m_Script: {fileID: 11500000, guid: 67719e372b21b3c41a58d0a465c39b23, type: 3}
  m_Name: 
  m_EditorClassIdentifier: 
--- !u!114 &11455526
MonoBehaviour:
  m_ObjectHideFlags: 1
  m_PrefabParentObject: {fileID: 0}
  m_PrefabInternal: {fileID: 100100000}
  m_GameObject: {fileID: 132398}
  m_Enabled: 1
  m_EditorHideFlags: 0
  m_Script: {fileID: 11500000, guid: 67719e372b21b3c41a58d0a465c39b23, type: 3}
  m_Name: 
  m_EditorClassIdentifier: 
--- !u!114 &11465386
MonoBehaviour:
  m_ObjectHideFlags: 1
  m_PrefabParentObject: {fileID: 0}
  m_PrefabInternal: {fileID: 100100000}
  m_GameObject: {fileID: 160348}
  m_Enabled: 1
  m_EditorHideFlags: 0
  m_Script: {fileID: 11500000, guid: 5b5f7692a3a07f346bed4ad2915eb02e, type: 3}
  m_Name: 
  m_EditorClassIdentifier: 
  swipped: 0
  appearTime: 1
  dissapearTime: 2
  ReadyToSwipe: 0
--- !u!114 &11476116
MonoBehaviour:
  m_ObjectHideFlags: 1
  m_PrefabParentObject: {fileID: 0}
  m_PrefabInternal: {fileID: 100100000}
  m_GameObject: {fileID: 112782}
  m_Enabled: 1
  m_EditorHideFlags: 0
  m_Script: {fileID: 11500000, guid: 67719e372b21b3c41a58d0a465c39b23, type: 3}
  m_Name: 
  m_EditorClassIdentifier: 
--- !u!114 &11479904
MonoBehaviour:
  m_ObjectHideFlags: 1
  m_PrefabParentObject: {fileID: 0}
  m_PrefabInternal: {fileID: 100100000}
  m_GameObject: {fileID: 171514}
  m_Enabled: 1
  m_EditorHideFlags: 0
  m_Script: {fileID: 11500000, guid: 67719e372b21b3c41a58d0a465c39b23, type: 3}
  m_Name: 
  m_EditorClassIdentifier: 
--- !u!114 &11497412
MonoBehaviour:
  m_ObjectHideFlags: 1
  m_PrefabParentObject: {fileID: 0}
  m_PrefabInternal: {fileID: 100100000}
  m_GameObject: {fileID: 171514}
  m_Enabled: 1
  m_EditorHideFlags: 0
  m_Script: {fileID: 11500000, guid: 5b5f7692a3a07f346bed4ad2915eb02e, type: 3}
  m_Name: 
  m_EditorClassIdentifier: 
  swipped: 0
  appearTime: 1
  dissapearTime: 2
  ReadyToSwipe: 0
--- !u!137 &13705032
SkinnedMeshRenderer:
  m_ObjectHideFlags: 1
  m_PrefabParentObject: {fileID: 0}
  m_PrefabInternal: {fileID: 100100000}
  m_GameObject: {fileID: 191736}
  m_Enabled: 1
  m_CastShadows: 1
  m_ReceiveShadows: 1
  m_Materials:
  - {fileID: 2100000, guid: 0946023c03854f549850094a935438ba, type: 2}
  m_SubsetIndices: 
  m_StaticBatchRoot: {fileID: 0}
  m_UseLightProbes: 1
  m_ReflectionProbeUsage: 1
  m_ProbeAnchor: {fileID: 0}
  m_ScaleInLightmap: 1
  m_PreserveUVs: 0
  m_ImportantGI: 0
  m_AutoUVMaxDistance: .5
  m_AutoUVMaxAngle: 89
  m_LightmapParameters: {fileID: 0}
  m_SortingLayerID: 0
  m_SortingOrder: 0
  serializedVersion: 2
  m_Quality: 0
  m_UpdateWhenOffscreen: 0
  m_Mesh: {fileID: 4300000, guid: 52ac613f8ab29f441ae13c4fe2ad5934, type: 3}
  m_Bones:
  - {fileID: 401454}
  - {fileID: 438614}
  - {fileID: 443642}
  - {fileID: 441634}
  - {fileID: 419278}
  - {fileID: 454782}
  - {fileID: 422802}
  - {fileID: 473266}
  - {fileID: 472014}
  m_BlendShapeWeights: []
  m_RootBone: {fileID: 401454}
  m_AABB:
    m_Center: {x: -.21261622, y: .000262700021, z: -.000813804567}
    m_Extent: {x: .212044522, y: .159131408, z: .139157623}
  m_DirtyAABB: 0
--- !u!137 &13734938
SkinnedMeshRenderer:
  m_ObjectHideFlags: 1
  m_PrefabParentObject: {fileID: 0}
  m_PrefabInternal: {fileID: 100100000}
  m_GameObject: {fileID: 110240}
  m_Enabled: 1
  m_CastShadows: 1
  m_ReceiveShadows: 1
  m_Materials:
  - {fileID: 2100000, guid: 0946023c03854f549850094a935438ba, type: 2}
  m_SubsetIndices: 
  m_StaticBatchRoot: {fileID: 0}
  m_UseLightProbes: 1
  m_ReflectionProbeUsage: 1
  m_ProbeAnchor: {fileID: 0}
  m_ScaleInLightmap: 1
  m_PreserveUVs: 0
  m_ImportantGI: 0
  m_AutoUVMaxDistance: .5
  m_AutoUVMaxAngle: 89
  m_LightmapParameters: {fileID: 0}
  m_SortingLayerID: 0
  m_SortingOrder: 0
  serializedVersion: 2
  m_Quality: 0
  m_UpdateWhenOffscreen: 0
  m_Mesh: {fileID: 4300000, guid: 52ac613f8ab29f441ae13c4fe2ad5934, type: 3}
  m_Bones:
  - {fileID: 404900}
  - {fileID: 489372}
  - {fileID: 447182}
  - {fileID: 427116}
  - {fileID: 428264}
  - {fileID: 492376}
  - {fileID: 488808}
  - {fileID: 481434}
  - {fileID: 461304}
  m_BlendShapeWeights: []
  m_RootBone: {fileID: 404900}
  m_AABB:
    m_Center: {x: -.21261622, y: .000262700021, z: -.000813804567}
    m_Extent: {x: .212044522, y: .159131408, z: .139157623}
  m_DirtyAABB: 0
--- !u!137 &13746356
SkinnedMeshRenderer:
  m_ObjectHideFlags: 1
  m_PrefabParentObject: {fileID: 0}
  m_PrefabInternal: {fileID: 100100000}
  m_GameObject: {fileID: 111102}
  m_Enabled: 1
  m_CastShadows: 1
  m_ReceiveShadows: 1
  m_Materials:
  - {fileID: 2100000, guid: 0946023c03854f549850094a935438ba, type: 2}
  m_SubsetIndices: 
  m_StaticBatchRoot: {fileID: 0}
  m_UseLightProbes: 1
  m_ReflectionProbeUsage: 1
  m_ProbeAnchor: {fileID: 0}
  m_ScaleInLightmap: 1
  m_PreserveUVs: 0
  m_ImportantGI: 0
  m_AutoUVMaxDistance: .5
  m_AutoUVMaxAngle: 89
  m_LightmapParameters: {fileID: 0}
  m_SortingLayerID: 0
  m_SortingOrder: 0
  serializedVersion: 2
  m_Quality: 0
  m_UpdateWhenOffscreen: 0
  m_Mesh: {fileID: 4300000, guid: 52ac613f8ab29f441ae13c4fe2ad5934, type: 3}
  m_Bones:
  - {fileID: 478694}
  - {fileID: 450308}
  - {fileID: 450790}
  - {fileID: 481546}
  - {fileID: 470746}
  - {fileID: 497048}
  - {fileID: 470856}
  - {fileID: 499328}
  - {fileID: 433810}
  m_BlendShapeWeights: []
  m_RootBone: {fileID: 478694}
  m_AABB:
    m_Center: {x: -.21261622, y: .000262700021, z: -.000813804567}
    m_Extent: {x: .212044522, y: .159131408, z: .139157623}
  m_DirtyAABB: 0
--- !u!137 &13750580
SkinnedMeshRenderer:
  m_ObjectHideFlags: 1
  m_PrefabParentObject: {fileID: 0}
  m_PrefabInternal: {fileID: 100100000}
  m_GameObject: {fileID: 197776}
  m_Enabled: 1
  m_CastShadows: 1
  m_ReceiveShadows: 1
  m_Materials:
  - {fileID: 2100000, guid: 0946023c03854f549850094a935438ba, type: 2}
  m_SubsetIndices: 
  m_StaticBatchRoot: {fileID: 0}
  m_UseLightProbes: 1
  m_ReflectionProbeUsage: 1
  m_ProbeAnchor: {fileID: 0}
  m_ScaleInLightmap: 1
  m_PreserveUVs: 0
  m_ImportantGI: 0
  m_AutoUVMaxDistance: .5
  m_AutoUVMaxAngle: 89
  m_LightmapParameters: {fileID: 0}
  m_SortingLayerID: 0
  m_SortingOrder: 0
  serializedVersion: 2
  m_Quality: 0
  m_UpdateWhenOffscreen: 0
  m_Mesh: {fileID: 4300000, guid: 52ac613f8ab29f441ae13c4fe2ad5934, type: 3}
  m_Bones:
  - {fileID: 474882}
  - {fileID: 412524}
  - {fileID: 487678}
  - {fileID: 444778}
  - {fileID: 422624}
  - {fileID: 462426}
  - {fileID: 478106}
  - {fileID: 454524}
  - {fileID: 490756}
  m_BlendShapeWeights: []
  m_RootBone: {fileID: 474882}
  m_AABB:
    m_Center: {x: -.21261622, y: .000262700021, z: -.000813804567}
    m_Extent: {x: .212044522, y: .159131408, z: .139157623}
  m_DirtyAABB: 0
--- !u!137 &13751148
SkinnedMeshRenderer:
  m_ObjectHideFlags: 1
  m_PrefabParentObject: {fileID: 0}
  m_PrefabInternal: {fileID: 100100000}
  m_GameObject: {fileID: 116042}
  m_Enabled: 1
  m_CastShadows: 1
  m_ReceiveShadows: 1
  m_Materials:
  - {fileID: 2100000, guid: 690960bd416c4ee46848642d785cd0ae, type: 2}
  m_SubsetIndices: 
  m_StaticBatchRoot: {fileID: 0}
  m_UseLightProbes: 1
  m_ReflectionProbeUsage: 1
  m_ProbeAnchor: {fileID: 0}
  m_ScaleInLightmap: 1
  m_PreserveUVs: 0
  m_ImportantGI: 0
  m_AutoUVMaxDistance: .5
  m_AutoUVMaxAngle: 89
  m_LightmapParameters: {fileID: 0}
  m_SortingLayerID: 0
  m_SortingOrder: 0
  serializedVersion: 2
  m_Quality: 0
  m_UpdateWhenOffscreen: 0
  m_Mesh: {fileID: 4300002, guid: bba2beb2111287148bafa55885cd104b, type: 3}
  m_Bones:
  - {fileID: 443752}
  - {fileID: 404574}
  - {fileID: 403298}
  - {fileID: 449958}
  - {fileID: 425812}
  - {fileID: 444534}
  - {fileID: 449772}
  - {fileID: 411372}
  m_BlendShapeWeights: []
  m_RootBone: {fileID: 411372}
  m_AABB:
    m_Center: {x: .214515939, y: .115658194, z: -.0202982724}
    m_Extent: {x: .379660606, y: .399803668, z: .33341065}
  m_DirtyAABB: 0
--- !u!137 &13764218
SkinnedMeshRenderer:
  m_ObjectHideFlags: 1
  m_PrefabParentObject: {fileID: 0}
  m_PrefabInternal: {fileID: 100100000}
  m_GameObject: {fileID: 188842}
  m_Enabled: 1
  m_CastShadows: 1
  m_ReceiveShadows: 1
  m_Materials:
  - {fileID: 2100000, guid: 0946023c03854f549850094a935438ba, type: 2}
  m_SubsetIndices: 
  m_StaticBatchRoot: {fileID: 0}
  m_UseLightProbes: 1
  m_ReflectionProbeUsage: 1
  m_ProbeAnchor: {fileID: 0}
  m_ScaleInLightmap: 1
  m_PreserveUVs: 0
  m_ImportantGI: 0
  m_AutoUVMaxDistance: .5
  m_AutoUVMaxAngle: 89
  m_LightmapParameters: {fileID: 0}
  m_SortingLayerID: 0
  m_SortingOrder: 0
  serializedVersion: 2
  m_Quality: 0
  m_UpdateWhenOffscreen: 0
  m_Mesh: {fileID: 4300000, guid: 52ac613f8ab29f441ae13c4fe2ad5934, type: 3}
  m_Bones:
  - {fileID: 456490}
  - {fileID: 444474}
  - {fileID: 474040}
  - {fileID: 418674}
  - {fileID: 413212}
  - {fileID: 460336}
  - {fileID: 442508}
  - {fileID: 415810}
  - {fileID: 462126}
  m_BlendShapeWeights: []
  m_RootBone: {fileID: 456490}
  m_AABB:
    m_Center: {x: -.21261622, y: .000262700021, z: -.000813804567}
    m_Extent: {x: .212044522, y: .159131408, z: .139157623}
  m_DirtyAABB: 0
--- !u!137 &13765056
SkinnedMeshRenderer:
  m_ObjectHideFlags: 1
  m_PrefabParentObject: {fileID: 0}
  m_PrefabInternal: {fileID: 100100000}
  m_GameObject: {fileID: 157528}
  m_Enabled: 1
  m_CastShadows: 1
  m_ReceiveShadows: 1
  m_Materials:
  - {fileID: 2100000, guid: 690960bd416c4ee46848642d785cd0ae, type: 2}
  m_SubsetIndices: 
  m_StaticBatchRoot: {fileID: 0}
  m_UseLightProbes: 1
  m_ReflectionProbeUsage: 1
  m_ProbeAnchor: {fileID: 0}
  m_ScaleInLightmap: 1
  m_PreserveUVs: 0
  m_ImportantGI: 0
  m_AutoUVMaxDistance: .5
  m_AutoUVMaxAngle: 89
  m_LightmapParameters: {fileID: 0}
  m_SortingLayerID: 0
  m_SortingOrder: 0
  serializedVersion: 2
  m_Quality: 0
  m_UpdateWhenOffscreen: 0
  m_Mesh: {fileID: 4300000, guid: bba2beb2111287148bafa55885cd104b, type: 3}
  m_Bones:
  - {fileID: 443752}
  - {fileID: 474012}
  - {fileID: 419576}
  - {fileID: 451558}
  - {fileID: 404574}
  - {fileID: 471566}
  - {fileID: 483066}
  - {fileID: 425812}
  - {fileID: 444204}
  - {fileID: 411372}
  - {fileID: 437550}
  - {fileID: 403298}
  - {fileID: 449958}
  - {fileID: 420616}
  - {fileID: 459958}
  - {fileID: 421652}
  - {fileID: 497284}
  - {fileID: 484968}
  - {fileID: 444534}
  - {fileID: 449772}
  m_BlendShapeWeights: []
  m_RootBone: {fileID: 437550}
  m_AABB:
    m_Center: {x: -.040760316, y: -.0135677457, z: .123500437}
    m_Extent: {x: .148106843, y: .195346445, z: .270349145}
  m_DirtyAABB: 0
--- !u!137 &13771160
SkinnedMeshRenderer:
  m_ObjectHideFlags: 1
  m_PrefabParentObject: {fileID: 0}
  m_PrefabInternal: {fileID: 100100000}
  m_GameObject: {fileID: 100564}
  m_Enabled: 1
  m_CastShadows: 1
  m_ReceiveShadows: 1
  m_Materials:
  - {fileID: 2100000, guid: 0946023c03854f549850094a935438ba, type: 2}
  m_SubsetIndices: 
  m_StaticBatchRoot: {fileID: 0}
  m_UseLightProbes: 1
  m_ReflectionProbeUsage: 1
  m_ProbeAnchor: {fileID: 0}
  m_ScaleInLightmap: 1
  m_PreserveUVs: 0
  m_ImportantGI: 0
  m_AutoUVMaxDistance: .5
  m_AutoUVMaxAngle: 89
  m_LightmapParameters: {fileID: 0}
  m_SortingLayerID: 0
  m_SortingOrder: 0
  serializedVersion: 2
  m_Quality: 0
  m_UpdateWhenOffscreen: 0
  m_Mesh: {fileID: 4300000, guid: 52ac613f8ab29f441ae13c4fe2ad5934, type: 3}
  m_Bones:
  - {fileID: 482010}
  - {fileID: 445308}
  - {fileID: 422148}
  - {fileID: 488088}
  - {fileID: 451756}
  - {fileID: 402410}
  - {fileID: 486216}
  - {fileID: 404352}
  - {fileID: 463196}
  m_BlendShapeWeights: []
  m_RootBone: {fileID: 482010}
  m_AABB:
    m_Center: {x: -.21261622, y: .000262700021, z: -.000813804567}
    m_Extent: {x: .212044522, y: .159131408, z: .139157623}
  m_DirtyAABB: 0
--- !u!1001 &100100000
Prefab:
  m_ObjectHideFlags: 1
  serializedVersion: 2
  m_Modification:
    m_TransformParent: {fileID: 0}
    m_Modifications: []
    m_RemovedComponents: []
  m_ParentPrefab: {fileID: 0}
  m_RootGameObject: {fileID: 179720}
  m_IsPrefabParent: 1
